2100 3650
240 265 321 354 r206¹
367 258 405 329 C.
434 259 584 329 costr.
616 259 801 329 TAcrrr

286 380 350 441 XL.
369 379 473 441 Fabius
487 380 600 439 interim
620 378 729 439 Valens
741 426 753 449 ,
778 378 874 440 multo
892 400 924 443 ac

243 462 329 525 molli
350 461 571 524 concubinarum
595 460 811 542 spadonumque
831 483 848 521 a
870 464 925 523 nri·

244 563 313 614 ne,
340 540 451 626 segnitis
475 540 562 623 quim
584 540 621 601 ad
641 541 748 601 bellum
771 484 924 615 incedgeos,

243 624 383 699 proditam
397 647 416 683 a
428 624 537 685 Lucilio
546 623 639 683 Basso
649 622 845 685 Ravennatem
854 626 927 685 clas-

245 726 327 775 sem,
354 704 512 784 pernicibus
536 705 645 765 nunciis
671 702 787 783 accepit.
815 705 877 776 Et,
903 707 927 765 si

247 800 372 865 coeptum
393 787 445 846 iter
466 804 659 866 properasset,
681 805 832 845 nutantem
856 786 925 847 Cx-

246 868 343 926 cinam
368 868 545 949 prevenire,
573 885 650 937 aut,
678 885 743 927 ante
774 866 928 929 discrimen

248 968 373 1030 pugnae,
396 948 513 1029 adsequi
534 946 661 1031 legiones
689 947 836 1029 potuisset.
865 948 927 1011 Nec

248 1028 379 1101 deerant,
394 1031 444 1109 qui
457 1048 624 1101 monerent,
638 1046 669 1087 ut
685 1051 744 1088 cum
755 1031 927 1109 fidissimis,

244 1132 298 1186 per
326 1113 445 1174 occultos
470 1112 620 1181 tramites,
647 1112 740 1172 vitard
765 1110 906 1173 Ravenna
916 1156 928 1183 ,

248 1191 399 1275 Hostiliam
421 1196 611 1253 Cremonamve
623 1210 753 1270 pergeret.
775 1193 853 1253 Aliis
873 1195 931 1274 pie·

249 1274 353 1344 cebet,
372 1273 469 1335 accitis
486 1295 521 1333 ert
535 1272 597 1333 urbe
603 1274 744 1347 pretoriis
752 1274 929 1347 cohortibus,

224 1356 226 1360 ’
250 1356 349 1419 valide
361 1376 442 1414 marcu
457 1374 634 1429 perrumpere.
647 1353 709 1433 Ipse
721 1354 818 1414 inutili
838 1376 928 1417 cunc-

251 1437 386 1507 tatione,‘
396 1434 500 1519 agendi
513 1455 640 1515 tempora
651 1435 842 1496 consultando
854 1458 928 1497 con-

250 1517 371 1597 sumpsit
399 1539 406 1575 :
432 1536 501 1576 mox
527 1532 674 1597 utrumque
696 1517 850 1579 consilium
873 1517 928 1579 ad-

250 1616 417 1679 spernatus,
444 1596 522 1679 quod
546 1599 618 1657 inter
650 1599 786 1677 ancipitia
816 1598 931 1659 deterri·

248 1699 332 1748 ,inum
347 1677 404 1750 est,
424 1676 494 1739 dom
511 1678 604 1739 media
618 1680 761 1761 sequitur,
780 1700 835 1742 nec
847 1701 931 1742 amus

253 1759 296 1820 est
310 1762 398 1832 satis,
419 1782 471 1821 nec
488 1760 623 1842 providit„

293 1843 372 1904 XLI.
391 1844 489 1904 Missis
505 1842 543 1903 ad
557 1843 706 1902 Viteiiium
720 1843 836 1916 litteris,
853 1847 933 1904 auxi-

254 1927 323 1984 lium
344 1922 473 2006 postulat.
486 1924 600 1984 Venere
620 1943 673 1984 tres
696 1921 848 1996 cohortes,
866 1947 932 1986 cum

253 2006 302 2068 alo
317 2007 497 2078 Britannica,
516 2027 607 2087 neque
623 2004 661 2066 ad
675 2003 833 2067 fallendum
850 2025 932 2086 aptus

253 2109 387 2148 numerus
410 2133 422 2157 ,
449 2108 542 2168 neque
571 2084 607 2147 ad
631 2085 844 2166 penetrandum.
861 2087 933 2149 .Sed

254 2167 363 2231 Valens
382 2190 419 2228 ne
437 2171 468 2230 in
484 2187 564 2228 tanto
581 2168 697 2249 quidem
712 2167 875 2230 discrimine
892 2171 935 2229 in·

251 2248 345 2316 ,fumidi
368 2252 489 2320 caruis,
515 2252 667 2330 quominus
687 2270 782 2330 repete
810 2251 935 2311 inlicitas

255 2332 436 2412 voluptates,
459 2330 656 2413 adulteriisque
680 2352 712 2392 ac
738 2329 838 2411 stupris
863 2331 933 2412 pol-

254 2414 332 2476 iuere
361 2411 505 2494 hospitum
537 2413 638 2478 domus
661 2410 815 2472 crederetur
839 2436 845 2471 :
866 2413 936 2474 ade-

249 2515 320 2556 rant
345 2497 410 2566 vis,
433 2503 461 2554 δι
483 2496 617 2574 pecunia,
640 2503 667 2554 δι
688 2496 792 2570 ruentis
813 2494 934 2556 fortune

256 2578 412 2636 norissima
433 2574 534 2637 libido.
555 2574 688 2638 Adventu
708 2575 824 2636 demum
848 2575 932 2656 pedi-

258 2674 321 2716 tum
348 2659 530 2738 equitumque
548 2660 671 2738 pravitas
690 2657 801 2718 consilii
822 2660 934 2738 patuit,

257 2738 328 2820 quie
353 2758 405 2801 nec
430 2739 531 2802 vadere
564 2759 626 2829 pet·
637 2735 730 2804 hostes
758 2757 818 2804 tam
848 2736 934 2824 parsit
