2100 3650
218 334 294 404 '300
347 310 384 381 C.
413 313 562 383 cons.
594 315 779 383 Taeter

220 432 381 503 malorum,
399 453 461 513 quar
477 454 545 492 mox
563 433 695 503 ruffinus,
711 434 809 514 sapius
825 432 901 493 redi⁴

221 533 305 573 turus.
327 510 424 573 Festus
438 512 621 584 Adrumeto,
641 513 690 573 ubi
712 515 903 593 speculabun-

222 595 274 655 dus
300 592 479 665 substiterat,
503 594 540 653 ad
563 594 707 677 legionem
729 596 898 666 contendit,

220 676 438 757 prafedtumque
461 673 633 757 castrorum,
660 676 828 736 Cetronium
847 678 899 736 Pi-

220 778 342 827 sanum,
363 756 464 816 vinciri
481 758 578 830 jussit,
597 759 723 835 proprias
737 758 775 815 ob
797 759 898 817 simul·

221 856 291 899 tates
303 861 312 908 3
327 835 374 897 sed
387 838 502 897 Pisonis
515 839 665 896 satellitem
676 838 817 897 vocabat:
832 842 896 897 rni-

219 920 337 1000 litesque
363 928 390 977 &
420 920 593 978 centuriones
614 919 895 999 quosdam-puniit,

218 1002 293 1071 alios
313 1002 432 1079 praerniis
449 998 573 1059 adfecit:
588 1019 716 1060 neutrum
727 1020 761 1059 ex
775 1002 897 1073 merito,

219 1081 271 1141 sed
285 1100 315 1139 ut
334 1082 497 1160 oppressisse
507 1080 624 1145 ¹bellum
639 1080 799 1142 crederetur.
819 1082 896 1141 Mox

220 1162 404 1231 Oeensium,
441 1162 710 1241 Leptitanorumque
742 1161 896 1223 discordias

219 1245 389 1325 componit,
411 1264 493 1323 quae,
518 1262 598 1323 raptu
619 1240 779 1325 frugum&
804 1249 898 1322 pecoss·

219 1344 284 1385 rum
316 1326 387 1383 incer
419 1320 557 1407 agrestes,
584 1323 704 1384 modic'u
734 1326 897 1405 principiis,

219 1408 280 1485 jam
304 1426 352 1486 per
378 1426 456 1465 arma
479 1424 563 1485 atque
589 1406 663 1466 acies
689 1406 896 1467 exercebantur.

219 1486 300 1547 Nam
321 1486 439 1564 populus
462 1484 604 1555 Oeensis,
624 1486 802 1545 multitudine
820 1486 897 1546 infe-

219 1568 296 1639 rior,
317 1566 503 1631 Garamantas
526 1568 683 1636 exciverat,
704 1585 819 1648 gentem
843 1570 893 1627 in-
941 1585 945 1591 ·

219 1647 381 1717 domitam,
404 1655 430 1706 &
449 1648 520 1705 inter
545 1646 656 1707 accolas
676 1648 830 1709 latrociniis
855 1648 899 1707 fe»

220 1730 353 1789 tundam.
371 1726 457 1790 Unde
474 1732 554 1787 aretae
570 1729 725 1807 Leptitanis
743 1749 802 1798 res,
825 1728 896 1810 late-

221 1833 277 1892 que
300 1810 411 1874 vastatis
430 1810 526 1894 agris,
551 1811 622 1870 intra
642 1810 746 1870 maenia
766 1809 893 1890 trepida-

187 1959 190 1964 ,
220 1893 292 1954 bant
317 1917 324 1950 ι
353 1893 442 1953 donec
468 1893 624 1952 interventu
648 1888 807 1950 cohortium
832 1890 896 1950 ala-

220 1994 355 2054 rumque,
367 1973 422 2033 fusi
433 1973 634 2042 Garamantes,
643 1981 672 2031 δι
681 1991 789 2051 recepta
800 1974 895 2032 omnis

220 2057 330 2137 praeda,
348 2056 403 2117 nisi
418 2075 504 2134 quam
524 2055 592 2135 vagi
608 2073 655 2130 per
672 2054 813 2112 inaccessa
832 2075 895 2114 ma·

219 2137 329 2216 palium
348 2135 522 2194 ulterioribus
543 2132 733 2193 vendiderant.

262 2216 311 2276 LI.
334 2213 374 2279 At
399 2217 597 2296 Vespasiano,
625 2213 686 2294 post
711 2214 892 2276 Cremonen-

207 2317 281 2358 ·sern
301 2317 445 2379 pugnant,
467 2305 655 2375 &prosperos
677 2295 799 2376 undique
821 2318 893 2356 nun·

170 2424 175 2429 -
221 2380 299 2454 cios,
318 2380 445 2441 cecidisse
470 2377 638 2446 Vitellium,
660 2378 742 2438 multi
760 2382 893 2458 cu'usque

221 2460 349 2530 ordinis,
376 2461 435 2539 pari
461 2456 578 2521 audacia
603 2455 770 2539 foetundque
792 2399 890 2516 liber-

220 2561 291 2600 num
314 2561 390 2602 mare
415 2538 553 2620 adgressi,
574 2541 747 2598 nuntiavere.
767 2538 892 2598 Aderant

211 2622 307 2702 ,legati
331 2623 405 2702 regis
425 2621 587 2704 Vologesi,
612 2623 790 2698 qnadraginta
812 2620 888 2678 Par-
943 2662 947 2668 -

221 2701 327 2766 thorum
350 2704 467 2777 equitum
485 2703 576 2762 millia
597 2698 754 2760 offerentes.
776 2699 891 2779 Magni-

219 2780 306 2849 ficum
325 2782 495 2868 letumque,
519 2782 758 2852 tantissnciorum
777 2780 892 2843 auxiliis
