2100 3650
179 334 492 405 Hrrrorrrnuu
506 332 675 405 erdV.
719 358 781 425 32¹

149 446 258 511 LXXI.
274 447 334 509 Hic
347 449 416 511 belli
430 448 515 511 [larus
537 471 612 524 erat,
627 472 717 533 quum
735 452 789 512 Pe·

105 530 184 591 tilius
208 529 330 593 Cerialis
353 531 574 613 Magontiacum
595 535 676 595 venit
695 556 704 591 z
726 539 788 612 ejus

106 611 232 673 adventu
253 614 349 673 eretlae
368 632 440 692 spes.
459 612 522 693 lpse
546 634 647 697 pugn:
667 615 786 688 avidus,

107 700 136 753 δι
154 693 389 763 contemnendis,
409 692 496 773 quium
514 694 647 756 carendis
660 692 789 759 hostibus

108 774 229 847 melior,
246 772 352 833 feroci&
376 774 528 835 verbomrn
549 777 670 835 militem
688 778 790 838 incen-

108 854 219 925 debat;
251 855 300 913 ubi
333 854 454 935 ptimdm
479 857 614 939 congredi
640 857 787 930 licuisset,

38 956 43 967 ·
105 936 219 997 nullam
238 936 337 1014 proelio
358 956 469 997 moram
493 936 628 998 fatturus.
651 939 788 1001 Deiectus

108 1037 158 1097 per
175 1016 303 1079 Galliam
323 1013 437 1077 habitos
458 1020 490 1077 in
507 1019 636 1079 civitates
650 1022 787 1091 remittit,

110 1119 144 1159 ac
156 1098 288 1157 nunciare
300 1098 379 1177 jubet
391 1098 508 1177 sufficere
520 1101 634 1173 imperio
645 1101 789 1179 legiones».-

110 1181 181 1238 soer'i
199 1181 237 1238 ad
254 1180 347 1239 mruria
355 1182 435 1253 pacis
445 1182 581 1249 redirent,
592 1183 696 1253 securi,
712 1183 792 1243 vetut

111 1259 229 1337 consede
247 1258 337 1330 belle,
356 1264 426 1337 quod
445 1260 576 1320 Rommrae
596 1284 694 1321 manus
714 1284 791 1323 exce·

105 1341 227 1415 pissone.
239 1339 326 1401 Auxit
337 1361 370 1401 ea
379 1362 421 1401 res
436 1341 588 1402 Gallorum
598 1342 767 1424 obsequium
778 1362 792 1406 t

108 1441 180 1483 nam
209 1419 319 1501 recepti
345 1425 509 1500 juventute,
539 1421 649 1483 facilins
672 1424 787 1485 'tributa

53 1578 56 1583 Ι
110 1502 290 1573 toleravere,
319 1504 462 1581 proniores
491 1503 528 1564 ad
558 1503 673 1575 officia,
708 1502 790 1586 qubd

110 1583 320 1664 spernebantur.
338 1584 378 1645 At
396 1583 500 1645 Civilis
514 1593 542 1646 δι
559 1584 720 1656 Classicus,
739 1587 792 1647 ubi

64 1686 66 1691 ·
105 1666 221 1740 pulsum
245 1664 371 1723 Tutorem
383 1711 396 1735 ,
415 1688 496 1726 casos
523 1667 676 1736 Treveros,
696 1674 792 1727 cunila

110 1745 229 1828 hostibus
242 1767 372 1821 prospera
385 1766 513 1827 accepere
530 1771 538 1804 r
553 1747 656 1828 trepidi
667 1766 701 1806 ac
717 1768 792 1829 pro-

108 1846 257 1908 perantes,
291 1827 359 1888 dum
390 1828 524 1908 dispersas
547 1849 661 1888 suorum
691 1831 792 1909 copiae

111 1908 294 1987 eondueunt,
316 1909 416 1971 crebris
429 1911 541 1970 interim
558 1912 667 1969 nunciis
682 1909 792 1971 Valen-

110 1992 205 2052 tinum
228 2011 381 2061 monuere,
405 2013 438 2050 ηε
456 2011 566 2050 summa
584 1994 625 2050 rei
638 1989 792 2065 periculum

104 2072 222 2152 faceret.
233 2067 279 2130 Ed
291 2071 414 2152 rapidius
428 2071 567 2142 Cerialis,
584 2073 675 2130 missis
683 2073 714 2131 in
727 2072 793 2132 Me·

113 2151 317 2222 diomatricos,
333 2154 382 2233 qui
403 2153 530 2214 breviore
549 2152 647 2212 itinere
662 2153 791 2294 lepiones

111 2235 143 2294 in
162 2231 271 2294 bostem
291 2252 444 2306 verterent,
466 2237 611 2294 contraibo
630 2253 688 2315 quo
731 2253 791 2295 erat

113 2316 237 2374 militum
259 2315 457 2397 Magonriaci,
482 2336 620 2396 quantum
641 2336 675 2374 ue
694 2335 790 2374 secum

113 2414 323 2466 transvexerat,
335 2398 422 2458 tertiis
439 2395 534 2456 castris
547 2337 723 2479 Rigodulum
740 2416 792 2455 ve-

114 2479 174 2548 nit3
187 2498 273 2559 quem
282 2478 377 2538 locum
389 2477 494 2561 magnit
504 2477 693 2536 Treverorum
703 2495 792 2537 manu

115 2557 285 2620 Valentinus
305 2559 465 2629 insederat,
487 2558 632 2618 montibus
650 2576 700 2617 aut
720 2559 793 2618 Mo·
844 2594 847 2601 -

115 2639 182 2700 aelli
213 2660 296 2700 amne
329 2659 466 2721 septum:
495 2649 522 2700 &
550 2638 696 2699 addiderat
726 2639 792 2699 fos-

115 2741 179 2792 sas,
205 2721 355 2801 obicesque
384 2741 523 2780 saxorum.
553 2719 617 2780 Nec
639 2719 802 2782 deterruere·

116 2821 149 2864 ea
175 2804 353 2866 mtmunenta
382 2801 548 2864 Romanurn
578 2802 707 2944 dugm,
734 2821 801 2885 qne·

654 2905 672 2946 v
