2100 3650
200 241 806 328 'His‘rmrrantrsrlrnllfflv

115 385 298 468 legionum,
328 385 357 437 ει
393 371 488 433 electis
515 365 637 428 auxiliis.
666 357 799 421 pronao

118 461 258 533 Cacinl,
273 459 382 537 scripsit
402 453 506 514 Fabius
519 449 629 508 Valens
645 440 799 508 exercitui,

121 566 211 628 quern
227 546 285 623 ipse
307 539 489 600 ductaverat:
507 549 537 589 ur
555 532 584 588 in
604 527 703 586 itinere
724 541 802 596 oppt-
863 535 868 546 ·

123 630 226 688 rirerur
236 648 249 697 5
269 623 311 682 sic
333 619 389 680 sibi
408 638 467 676 cum
487 611 592 672 cracina
611 604 801 667 conuenisse:

123 711 177 790 qui
196 725 333 786 praesens,
359 697 450 779 eoque
471 691 611 760 validior,
631 689 803 746 immutatum

126 791 160 849 id
179 786 327 847 consilium
344 779 440 848 finxit,
462 795 492 834 ut
506 771 643 853 ingruenti
660 767 729 826 bello
744 761 804 822 toni

127 873 200 930 mole
224 881 411 927 occurreretur.
439 859 486 918 Iro
507 855 657 914 adcelerare
678 847 806 929 legiones

133 957 311 1018 Cremonam,
333 965 395 1024 pars
418 939 567 1018 Hostiliam
587 950 677 1010 petere
699 933 805 1005 jussas

130 1034 191 1114 ipse
213 1031 380 1089 Ravennam
409 1021 546 1088 devertit,
579 1027 709 1095 pratexto
740 1005 809 1064 clas·

132 1135 194 1175 sem
217 1105 421 1190 adloquendi:
450 1121 519 1160 mox
543 1095 654 1156 Patavii
674 1105 810 1150 secretum

133 1190 337 1274 componenda
358 1183 524 1267 proditionis
542 1177 698 1259 quaesitum.
720 1167 812 1228 Nam·

134 1297 192 1359 que
219 1273 344 1333 Lucilius
370 1269 469 1326 Bassus
485 1265 513 1333 ,¹
531 1256 592 1339 post
620 1249 813 1335 praefedlurarn

134 1359 211 1428 alae,
231 1351 392 1414 Ravennati
404 1345 490 1408 simul
508 1361 543 1402 ac
562 1332 719 1400 Misenensi
740 1329 812 1389 clas-

137 1440 216 1500 sibus
229 1460 246 1498 a
261 1433 382 1493 Vitellio
400 1425 577 1510 prepositus,
613 1415 671 1478 uod
685 1434 743 1473 non
760 1409 813 1470 sta-

137 1523 193 1580 tim
216 1516 407 1598 prafeeluram
437 1505 556 1589 pratorii
577 1441 692 1578 adeptus
716 1493 814 1561 foret,

139 1604 270 1684 iniquam
286 1592 460 1658 iracundiam
477 1580 619 1670 flagitiosi
637 1573 752 1659 perfidia
774 1571 817 1630 ul-

140 1683 297 1742 ciscebatur
323 1701 334 1755 ιΙ
357 1695 408 1738 nec
434 1671 499 1730 scrri
530 1661 647 1746 potest,
668 1655 817 1717 traxerime

142 1764 314 1834 Caecinam,
331 1766 371 1818 an
391 1749 494 1834 (quod
513 1746 607 1805 evenit
621 1744 692 1800 inter
710 1735 818 1802 malos,
874 1805 875 1812 ἵ

139 1866 175 1907 ut
202 1856 230 1907 &
250 1844 354 1905 similes
376 1839 460 1908 sint)
486 1827 586 1889 eaden't
612 1822 676 1882 illos
698 1817 821 1899 pravitas

142 1928 295 2008 impulerit.

188 2010 243 2071 CI.
260 2007 411 2085 Scriptores
420 2009 597 2074 temporum,
613 1984 678 2068 qui,
696 1979 822 2062 potiente

145 2112 242 2153 rerum
269 2083 367 2149 Flavii
395 2081 506 2147 domo,
534 2083 718 2131 monumenta
752 2058 822 2119 belli

147 2171 266 2253 hujusce
293 2175 538 2247 composuerunt,
569 2170 662 2210 curam
687 2144 766 2221 pacis
795 2136 824 2199 e

147 2277 270 2316 amorem
292 2247 392 2323 reipub.
416 2256 558 2318 corruptas
584 2236 614 2292 in
633 2227 826 2291 adulationem

152 2360 275 2406 causas,
298 2326 446 2391 tradidere.
469 2318 585 2385 Nobis,
609 2329 688 2391 super
710 2306 828 2365 insitam

149 2420 297 2480 levitatem
318 2460 330 2483 ,
364 2419 413 2478 dc,
439 2400 551 2485 prodito
584 2386 680 2455 Galbi
697 2433 709 2457 ,
740 2384 828 2444 vilent

150 2522 223 2562 mox
236 2496 341 2563 fidem,
356 2486 534 2552 aemulatione
549 2478 635 2535 etiarn
647 2464 830 2545 invidiique,

151 2604 190 2644 ne
219 2582 256 2641 ab
284 2577 348 2637 aliis
377 2565 452 2651 apud
479 2558 631 2622 Vitellium
660 2550 829 2615 anteiretur,

152 2663 315 2745 pervertisse
332 2658 424 2735 ipsum
445 2643 597 2706 Vitellium
617 2634 737 2697 videtur.
757 2626 829 2687 Ca-

153 2749 221 2807 cina
259 2741 385 2824 legiones
418 2727 596 2793 adsecutus,
634 2714 828 2777 centurionum
