<?xml version="1.0" encoding="UTF-8"?>
<!DOCTYPE html PUBLIC "-//W3C//DTD XHTML 1.0 Transitional//EN"
    "http://www.w3.org/TR/xhtml1/DTD/xhtml1-transitional.dtd">
<html xmlns="http://www.w3.org/1999/xhtml" xml:lang="en" lang="en">
 <head>
  <title>
</title>
<meta http-equiv="Content-Type" content="text/html;charset=utf-8" />
  <meta name='ocr-system' content='tesseract 3.04.00' />
  <meta name='ocr-capabilities' content='ocr_page ocr_carea ocr_par ocr_line ocrx_word'/>
</head>
<body>
  <div class='ocr_page' id='page_1' title='image "./ccorneliitaciti00lallgoog_0168.png"; bbox 0 0 2100 3650; ppageno 0'>
   <div class='ocr_carea' id='block_1_1' title="bbox 228 305 780 377">
    <p class='ocr_par' dir='ltr' id='par_1_1' title="bbox 228 305 780 377">
     <span class='ocr_line' id='line_1_1' title="bbox 228 305 780 377; baseline -0.007 0"><span class='ocrx_word' id='word_1_1' title='bbox 228 312 294 377; x_wconf 83' lang='lat'>160</span> <span class='ocrx_word' id='word_1_2' title='bbox 348 306 385 376; x_wconf 91' lang='lat' dir='ltr'>C.</span> <span class='ocrx_word' id='word_1_3' title='bbox 413 305 560 374; x_wconf 75' lang='lat' dir='ltr'>Coun.</span> <span class='ocrx_word' id='word_1_4' title='bbox 592 305 780 374; x_wconf 66' lang='lat' dir='ltr'>Tncrnr</span> 
     </span>
    </p>
   </div>
   <div class='ocr_carea' id='block_1_2' title="bbox 140 423 915 2863">
    <p class='ocr_par' dir='ltr' id='par_1_2' title="bbox 140 423 915 2863">
     <span class='ocr_line' id='line_1_2' title="bbox 225 423 915 506; baseline 0.006 -21"><span class='ocrx_word' id='word_1_5' title='bbox 225 445 257 485; x_wconf 91' lang='lat' dir='ltr'>ut</span> <span class='ocrx_word' id='word_1_6' title='bbox 273 430 431 506; x_wconf 59' lang='lat' dir='ltr'>speciator,</span> <span class='ocrx_word' id='word_1_7' title='bbox 451 427 482 484; x_wconf 89' lang='lat' dir='ltr'>in</span> <span class='ocrx_word' id='word_1_8' title='bbox 507 426 582 484; x_wconf 85' lang='lat' dir='ltr'>circo</span> <span class='ocrx_word' id='word_1_9' title='bbox 607 444 638 484; x_wconf 89' lang='lat' dir='ltr'>ut</span> <span class='ocrx_word' id='word_1_10' title='bbox 664 424 759 486; x_wconf 84' lang='lat' dir='ltr'>fautor</span> <span class='ocrx_word' id='word_1_11' title='bbox 781 423 915 490; x_wconf 61' lang='lat' dir='ltr'>affe-eras</span> 
     </span>
     <span class='ocr_line' id='line_1_3' title="bbox 225 507 914 588; baseline 0.003 -22"><span class='ocrx_word' id='word_1_12' title='bbox 225 509 268 566; x_wconf 81' lang='lat' dir='ltr'>vit</span> <span class='ocrx_word' id='word_1_13' title='bbox 282 530 289 564; x_wconf 75' lang='grc' dir='ltr'><strong><em>ε</em></strong></span> <span class='ocrx_word' id='word_1_14' title='bbox 301 529 380 588; x_wconf 85' lang='lat' dir='ltr'>quae,</span> <span class='ocrx_word' id='word_1_15' title='bbox 394 525 472 588; x_wconf 82' lang='lat' dir='ltr'>grata</span> <span class='ocrx_word' id='word_1_16' title='bbox 484 507 551 565; x_wconf 69' lang='lat' dir='ltr'>sane</span> <span class='ocrx_word' id='word_1_17' title='bbox 562 516 589 566; x_wconf 78' lang='grc' dir='ltr'>δι</span> <span class='ocrx_word' id='word_1_18' title='bbox 603 507 764 586; x_wconf 86' lang='lat' dir='ltr'>popularia,</span> <span class='ocrx_word' id='word_1_19' title='bbox 780 511 831 568; x_wconf 88' lang='lat' dir='ltr'>sia</span> <span class='ocrx_word' id='word_1_20' title='bbox 845 512 914 568; x_wconf 89' lang='lat' dir='ltr'>vit-</span> 
     </span>
     <span class='ocr_line' id='line_1_4' title="bbox 224 585 915 667; baseline 0.006 -21"><span class='ocrx_word' id='word_1_21' title='bbox 224 587 330 665; x_wconf 79' lang='lat' dir='ltr'>tutibus</span> <span class='ocrx_word' id='word_1_22' title='bbox 364 585 630 667; x_wconf 82' lang='lat' dir='ltr'>proficiscerentur,</span> <span class='ocrx_word' id='word_1_23' title='bbox 666 587 806 648; x_wconf 66' lang='lat' dir='ltr'>memorii</span> <span class='ocrx_word' id='word_1_24' title='bbox 838 593 915 650; x_wconf 76' lang='lat' dir='ltr'>vitae</span> 
     </span>
     <span class='ocr_line' id='line_1_5' title="bbox 244 667 912 748; baseline 0.009 -22"><span class='ocrx_word' id='word_1_25' title='bbox 244 671 343 738; x_wconf 89' lang='lat' dir='ltr'>rioris,</span> <span class='ocrx_word' id='word_1_26' title='bbox 372 667 505 728; x_wconf 90' lang='lat' dir='ltr'>indecora</span> <span class='ocrx_word' id='word_1_27' title='bbox 532 677 560 728; x_wconf 89' lang='lat'>&amp;</span> <span class='ocrx_word' id='word_1_28' title='bbox 586 669 654 728; x_wconf 77' lang='lat' dir='ltr'>viiia</span> <span class='ocrx_word' id='word_1_29' title='bbox 682 671 912 748; x_wconf 82' lang='lat' dir='ltr'>accipiebantur.</span> 
     </span>
     <span class='ocr_line' id='line_1_6' title="bbox 223 689 912 829; baseline 0.003 -21"><span class='ocrx_word' id='word_1_30' title='bbox 223 689 392 810; x_wconf 68' lang='lat' dir='ltr'>isentitabat</span> <span class='ocrx_word' id='word_1_31' title='bbox 410 750 440 807; x_wconf 90' lang='lat' dir='ltr'>in</span> <span class='ocrx_word' id='word_1_32' title='bbox 459 768 606 820; x_wconf 86' lang='lat' dir='ltr'>senatum,</span> <span class='ocrx_word' id='word_1_33' title='bbox 628 750 714 808; x_wconf 83' lang='lat' dir='ltr'>etiam</span> <span class='ocrx_word' id='word_1_34' title='bbox 734 771 823 829; x_wconf 89' lang='lat' dir='ltr'>quum</span> <span class='ocrx_word' id='word_1_35' title='bbox 842 773 912 828; x_wconf 85' lang='lat' dir='ltr'>pat-</span> 
     </span>
     <span class='ocr_line' id='line_1_7' title="bbox 223 829 912 909; baseline 0.003 -19"><span class='ocrx_word' id='word_1_36' title='bbox 223 831 265 890; x_wconf 86' lang='lat' dir='ltr'>vis</span> <span class='ocrx_word' id='word_1_37' title='bbox 278 829 313 888; x_wconf 91' lang='lat' dir='ltr'>de</span> <span class='ocrx_word' id='word_1_38' title='bbox 331 831 411 889; x_wconf 88' lang='lat' dir='ltr'>rebus</span> <span class='ocrx_word' id='word_1_39' title='bbox 428 849 520 909; x_wconf 85' lang='lat' dir='ltr'>patres</span> <span class='ocrx_word' id='word_1_40' title='bbox 536 831 754 890; x_wconf 82' lang='lat' dir='ltr'>consulerentur.</span> <span class='ocrx_word' id='word_1_41' title='bbox 767 833 811 890; x_wconf 83' lang='lat' dir='ltr'>Ac</span> <span class='ocrx_word' id='word_1_42' title='bbox 829 831 912 892; x_wconf 71' lang='lat' dir='ltr'>forte</span> 
     </span>
     <span class='ocr_line' id='line_1_8' title="bbox 224 910 911 994; baseline 0.003 -23"><span class='ocrx_word' id='word_1_43' title='bbox 224 910 333 972; x_wconf 81' lang='lat' dir='ltr'>Priscus</span> <span class='ocrx_word' id='word_1_44' title='bbox 369 911 546 982; x_wconf 84' lang='lat' dir='ltr'>Helvidius,</span> <span class='ocrx_word' id='word_1_45' title='bbox 581 930 683 990; x_wconf 79' lang='lat' dir='ltr'>praetor</span> <span class='ocrx_word' id='word_1_46' title='bbox 713 911 879 994; x_wconf 81' lang='lat' dir='ltr'>designatus</span> <span class='ocrx_word' id='word_1_47' title='bbox 897 961 911 986; x_wconf 86' lang='lat'>,</span> 
     </span>
     <span class='ocr_line' id='line_1_9' title="bbox 224 989 914 1070; baseline 0.004 -17"><span class='ocrx_word' id='word_1_48' title='bbox 224 1012 322 1053; x_wconf 85' lang='lat' dir='ltr'>contra</span> <span class='ocrx_word' id='word_1_49' title='bbox 343 989 464 1050; x_wconf 86' lang='lat' dir='ltr'>studium</span> <span class='ocrx_word' id='word_1_50' title='bbox 477 997 536 1070; x_wconf 83' lang='lat' dir='ltr'>ejus</span> <span class='ocrx_word' id='word_1_51' title='bbox 554 1011 704 1052; x_wconf 84' lang='lat' dir='ltr'>censuerat.</span> <span class='ocrx_word' id='word_1_52' title='bbox 727 991 914 1056; x_wconf 82' lang='lat' dir='ltr'>Commotus</span> 
     </span>
     <span class='ocr_line' id='line_1_10' title="bbox 224 1070 911 1155; baseline 0.004 -24"><span class='ocrx_word' id='word_1_53' title='bbox 224 1070 317 1154; x_wconf 78' lang='lat' dir='ltr'>primi&gt;</span> <span class='ocrx_word' id='word_1_54' title='bbox 333 1073 486 1143; x_wconf 83' lang='lat' dir='ltr'>Vitellius,</span> <span class='ocrx_word' id='word_1_55' title='bbox 504 1094 564 1132; x_wconf 90' lang='lat' dir='ltr'>non</span> <span class='ocrx_word' id='word_1_56' title='bbox 584 1077 681 1132; x_wconf 86' lang='lat' dir='ltr'>tamen</span> <span class='ocrx_word' id='word_1_57' title='bbox 698 1071 790 1144; x_wconf 71' lang='lat' dir='ltr'>uitri,</span> <span class='ocrx_word' id='word_1_58' title='bbox 814 1072 911 1155; x_wconf 67' lang='lat' dir='ltr'>qu‘am</span> 
     </span>
     <span class='ocr_line' id='line_1_11' title="bbox 232 1154 911 1236; baseline 0.003 -22"><span class='ocrx_word' id='word_1_59' title='bbox 232 1155 366 1214; x_wconf 81' lang='lat' dir='ltr'>Tribunos</span> <span class='ocrx_word' id='word_1_60' title='bbox 380 1154 468 1228; x_wconf 79' lang='lat' dir='ltr'>plebis</span> <span class='ocrx_word' id='word_1_61' title='bbox 482 1154 512 1210; x_wconf 84' lang='lat' dir='ltr'>in</span> <span class='ocrx_word' id='word_1_62' title='bbox 528 1154 667 1213; x_wconf 82' lang='lat' dir='ltr'>auxilium</span> <span class='ocrx_word' id='word_1_63' title='bbox 678 1172 773 1228; x_wconf 72' lang='lat' dir='ltr'>spreta</span> <span class='ocrx_word' id='word_1_64' title='bbox 786 1158 911 1236; x_wconf 71' lang='lat' dir='ltr'>potesla-</span> 
     </span>
     <span class='ocr_line' id='line_1_12' title="bbox 224 1234 912 1318; baseline 0 -22"><span class='ocrx_word' id='word_1_65' title='bbox 224 1238 263 1309; x_wconf 79' lang='lat' dir='ltr'>tis</span> <span class='ocrx_word' id='word_1_66' title='bbox 287 1235 446 1296; x_wconf 83' lang='lat' dir='ltr'>advocavit.</span> <span class='ocrx_word' id='word_1_67' title='bbox 469 1234 545 1294; x_wconf 85' lang='lat' dir='ltr'>Mox</span> <span class='ocrx_word' id='word_1_68' title='bbox 565 1237 762 1318; x_wconf 83' lang='lat' dir='ltr'>mitigantibus</span> <span class='ocrx_word' id='word_1_69' title='bbox 783 1239 912 1310; x_wconf 83' lang='lat' dir='ltr'>amicis,</span> 
     </span>
     <span class='ocr_line' id='line_1_13' title="bbox 224 1315 913 1398; baseline -0.001 -21"><span class='ocrx_word' id='word_1_70' title='bbox 224 1319 275 1398; x_wconf 91' lang='lat' dir='ltr'>qui</span> <span class='ocrx_word' id='word_1_71' title='bbox 297 1317 427 1377; x_wconf 88' lang='lat' dir='ltr'>altiorem</span> <span class='ocrx_word' id='word_1_72' title='bbox 449 1315 623 1374; x_wconf 77' lang='lat' dir='ltr'>iracundiam</span> <span class='ocrx_word' id='word_1_73' title='bbox 642 1320 699 1395; x_wconf 68' lang='lat' dir='ltr'>eius</span> <span class='ocrx_word' id='word_1_74' title='bbox 717 1317 913 1391; x_wconf 83' lang='lat' dir='ltr'>verebantur,</span> 
     </span>
     <span class='ocr_line' id='line_1_14' title="bbox 224 1397 913 1476; baseline 0.003 -19"><span class='ocrx_word' id='word_1_75' title='bbox 224 1398 302 1457; x_wconf 76' lang='lat' dir='ltr'>nihil</span> <span class='ocrx_word' id='word_1_76' title='bbox 319 1398 390 1457; x_wconf 81' lang='lat' dir='ltr'>novi</span> <span class='ocrx_word' id='word_1_77' title='bbox 407 1398 539 1456; x_wconf 82' lang='lat' dir='ltr'>occidisse</span> <span class='ocrx_word' id='word_1_78' title='bbox 560 1397 729 1476; x_wconf 75' lang='lat' dir='ltr'>respondit„</span> <span class='ocrx_word' id='word_1_79' title='bbox 755 1398 829 1474; x_wconf 71' lang='lat' dir='ltr'>quod</span> <span class='ocrx_word' id='word_1_80' title='bbox 850 1403 913 1459; x_wconf 85' lang='lat' dir='ltr'>duo</span> 
     </span>
     <span class='ocr_line' id='line_1_15' title="bbox 225 1478 913 1552; baseline 0.004 -13"><span class='ocrx_word' id='word_1_81' title='bbox 225 1498 364 1539; x_wconf 80' lang='lat' dir='ltr'>senatores</span> <span class='ocrx_word' id='word_1_82' title='bbox 382 1478 412 1536; x_wconf 84' lang='lat' dir='ltr'>in</span> <span class='ocrx_word' id='word_1_83' title='bbox 426 1478 515 1552; x_wconf 80' lang='lat' dir='ltr'>repub.</span> <span class='ocrx_word' id='word_1_84' title='bbox 534 1479 734 1537; x_wconf 77' lang='lat' dir='ltr'>dissentirent:</span> <span class='ocrx_word' id='word_1_85' title='bbox 748 1481 863 1538; x_wconf 80' lang='lat' dir='ltr'>solitum</span> <span class='ocrx_word' id='word_1_86' title='bbox 873 1504 913 1542; x_wconf 80' lang='lat' dir='ltr'>se</span> 
     </span>
     <span class='ocr_line' id='line_1_16' title="bbox 225 1557 912 1639; baseline 0.003 -21"><span class='ocrx_word' id='word_1_87' title='bbox 225 1561 309 1636; x_wconf 72' lang='lat' dir='ltr'>etiam</span> <span class='ocrx_word' id='word_1_88' title='bbox 334 1557 459 1618; x_wconf 70' lang='lat' dir='ltr'>Thrasea</span> <span class='ocrx_word' id='word_1_89' title='bbox 477 1560 669 1618; x_wconf 82' lang='lat' dir='ltr'>contradicere.</span> <span class='ocrx_word' id='word_1_90' title='bbox 689 1559 805 1619; x_wconf 87' lang='lat' dir='ltr'>lntisere</span> <span class='ocrx_word' id='word_1_91' title='bbox 821 1561 912 1639; x_wconf 83' lang='lat' dir='ltr'>pleti-</span> 
     </span>
     <span class='ocr_line' id='line_1_17' title="bbox 225 1638 911 1722; baseline 0.001 -23"><span class='ocrx_word' id='word_1_92' title='bbox 225 1662 280 1721; x_wconf 87' lang='lat' dir='ltr'>que</span> <span class='ocrx_word' id='word_1_93' title='bbox 295 1638 500 1719; x_wconf 89' lang='lat' dir='ltr'>impudentiam</span> <span class='ocrx_word' id='word_1_94' title='bbox 514 1641 701 1700; x_wconf 69' lang='lat' dir='ltr'>aemulationis</span> <span class='ocrx_word' id='word_1_95' title='bbox 714 1664 721 1697; x_wconf 77' lang='grc' dir='ltr'><strong><em>ε</em></strong></span> <span class='ocrx_word' id='word_1_96' title='bbox 736 1641 797 1701; x_wconf 82' lang='lat' dir='ltr'>aliis</span> <span class='ocrx_word' id='word_1_97' title='bbox 811 1642 842 1700; x_wconf 91' lang='lat' dir='ltr'>id</span> <span class='ocrx_word' id='word_1_98' title='bbox 853 1645 911 1722; x_wconf 82' lang='lat' dir='ltr'>ip-</span> 
     </span>
     <span class='ocr_line' id='line_1_18' title="bbox 225 1718 911 1804; baseline 0 -23"><span class='ocrx_word' id='word_1_99' title='bbox 225 1743 289 1783; x_wconf 90' lang='lat' dir='ltr'>sum</span> <span class='ocrx_word' id='word_1_100' title='bbox 308 1721 457 1800; x_wconf 74' lang='lat' dir='ltr'>placebat,</span> <span class='ocrx_word' id='word_1_101' title='bbox 480 1718 559 1800; x_wconf 80' lang='lat' dir='ltr'>qudd</span> <span class='ocrx_word' id='word_1_102' title='bbox 578 1723 721 1780; x_wconf 89' lang='lat' dir='ltr'>neminem</span> <span class='ocrx_word' id='word_1_103' title='bbox 745 1742 778 1780; x_wconf 83' lang='lat' dir='ltr'>ex</span> <span class='ocrx_word' id='word_1_104' title='bbox 799 1743 911 1804; x_wconf 80' lang='lat' dir='ltr'>praepo-</span> 
     </span>
     <span class='ocr_line' id='line_1_19' title="bbox 226 1800 911 1884; baseline 0.006 -21"><span class='ocrx_word' id='word_1_105' title='bbox 226 1803 368 1880; x_wconf 82' lang='lat' dir='ltr'>tentibus,</span> <span class='ocrx_word' id='word_1_106' title='bbox 381 1801 430 1862; x_wconf 87' lang='lat' dir='ltr'>sed</span> <span class='ocrx_word' id='word_1_107' title='bbox 441 1800 598 1863; x_wconf 75' lang='lat' dir='ltr'>Thraseam</span> <span class='ocrx_word' id='word_1_108' title='bbox 617 1801 654 1862; x_wconf 88' lang='lat' dir='ltr'>ad</span> <span class='ocrx_word' id='word_1_109' title='bbox 673 1803 813 1884; x_wconf 80' lang='lat' dir='ltr'>exemplar</span> <span class='ocrx_word' id='word_1_110' title='bbox 831 1825 911 1867; x_wconf 80' lang='lat' dir='ltr'>verae</span> 
     </span>
     <span class='ocr_line' id='line_1_20' title="bbox 226 1886 691 1969; baseline -0.004 -25"><span class='ocrx_word' id='word_1_111' title='bbox 226 1886 323 1969; x_wconf 78' lang='lat' dir='ltr'>gloriae</span> <span class='ocrx_word' id='word_1_112' title='bbox 346 1886 467 1966; x_wconf 81' lang='lat' dir='ltr'>legisset.</span> <span class='ocrx_word' id='word_1_113' title='bbox 686 1890 691 1898; x_wconf 82' lang='lat'>&#39;</span> 
     </span>
     <span class='ocr_line' id='line_1_21' title="bbox 230 1965 911 2047; baseline 0.007 -22"><span class='ocrx_word' id='word_1_114' title='bbox 230 2038 233 2044; x_wconf 25' lang='lat'>¹</span> <span class='ocrx_word' id='word_1_115' title='bbox 267 1965 495 2025; x_wconf 85' lang='lat' dir='ltr'><strong>LXXXXII.</strong></span> <span class='ocrx_word' id='word_1_116' title='bbox 518 1965 711 2044; x_wconf 77' lang='lat' dir='ltr'>Praeposuerat</span> <span class='ocrx_word' id='word_1_117' title='bbox 732 1970 911 2047; x_wconf 67' lang='lat' dir='ltr'>pretorianis·</span> 
     </span>
     <span class='ocr_line' id='line_1_22' title="bbox 140 2045 911 2126; baseline 0.004 -19"><span class='ocrx_word' id='word_1_118' title='bbox 140 2112 144 2117; x_wconf 13' lang='grc' dir='ltr'>μ</span> <span class='ocrx_word' id='word_1_119' title='bbox 227 2046 260 2108; x_wconf 86' lang='grc' dir='ltr'>Ρ.</span> <span class='ocrx_word' id='word_1_120' title='bbox 285 2048 446 2116; x_wconf 89' lang='lat' dir='ltr'>Sabinum,</span> <span class='ocrx_word' id='word_1_121' title='bbox 468 2068 485 2106; x_wconf 92' lang='lat' dir='ltr'>a</span> <span class='ocrx_word' id='word_1_122' title='bbox 504 2046 668 2126; x_wconf 71' lang='lat' dir='ltr'>praefeiiura</span> <span class='ocrx_word' id='word_1_123' title='bbox 688 2045 832 2119; x_wconf 86' lang='lat' dir='ltr'>cohortis,</span> <span class='ocrx_word' id='word_1_124' title='bbox 853 2051 911 2109; x_wconf 86' lang='lat' dir='ltr'>Ju-</span> 
     </span>
     <span class='ocr_line' id='line_1_23' title="bbox 226 2128 911 2209; baseline 0.007 -22"><span class='ocrx_word' id='word_1_125' title='bbox 226 2129 297 2187; x_wconf 89' lang='lat' dir='ltr'>lium</span> <span class='ocrx_word' id='word_1_126' title='bbox 314 2128 460 2197; x_wconf 84' lang='lat' dir='ltr'>Priscum,</span> <span class='ocrx_word' id='word_1_127' title='bbox 475 2146 537 2186; x_wconf 90' lang='lat' dir='ltr'>tum</span> <span class='ocrx_word' id='word_1_128' title='bbox 556 2131 745 2209; x_wconf 75' lang='lat' dir='ltr'>centurionem</span> <span class='ocrx_word' id='word_1_129' title='bbox 767 2152 773 2185; x_wconf 91' lang='lat'><strong>:</strong></span> <span class='ocrx_word' id='word_1_130' title='bbox 795 2130 911 2192; x_wconf 83' lang='lat' dir='ltr'>Priscus</span> 
     </span>
     <span class='ocr_line' id='line_1_24' title="bbox 226 2208 908 2293; baseline 0.003 -25"><span class='ocrx_word' id='word_1_131' title='bbox 226 2210 377 2279; x_wconf 87' lang='lat' dir='ltr'>Valentis,</span> <span class='ocrx_word' id='word_1_132' title='bbox 402 2208 522 2268; x_wconf 89' lang='lat' dir='ltr'>Sabinus</span> <span class='ocrx_word' id='word_1_133' title='bbox 546 2210 667 2270; x_wconf 82' lang='lat' dir='ltr'>Caecinae</span> <span class='ocrx_word' id='word_1_134' title='bbox 697 2210 787 2293; x_wconf 72' lang='lat' dir='ltr'>gratid</span> <span class='ocrx_word' id='word_1_135' title='bbox 808 2213 908 2290; x_wconf 85' lang='lat' dir='ltr'>polle-</span> 
     </span>
     <span class='ocr_line' id='line_1_25' title="bbox 228 2288 906 2372; baseline 0.001 -22"><span class='ocrx_word' id='word_1_136' title='bbox 228 2290 306 2372; x_wconf 77' lang='lat' dir='ltr'>bant.</span> <span class='ocrx_word' id='word_1_137' title='bbox 318 2291 393 2350; x_wconf 85' lang='lat' dir='ltr'>Inter</span> <span class='ocrx_word' id='word_1_138' title='bbox 406 2289 566 2360; x_wconf 89' lang='lat' dir='ltr'>discordes,</span> <span class='ocrx_word' id='word_1_139' title='bbox 579 2290 700 2350; x_wconf 83' lang='lat' dir='ltr'>Vitellio</span> <span class='ocrx_word' id='word_1_140' title='bbox 713 2288 787 2351; x_wconf 89' lang='lat' dir='ltr'>nihil</span> <span class='ocrx_word' id='word_1_141' title='bbox 799 2296 906 2371; x_wconf 63' lang='lat' dir='ltr'>audio-</span> 
     </span>
     <span class='ocr_line' id='line_1_26' title="bbox 227 2370 908 2450; baseline 0.003 -17"><span class='ocrx_word' id='word_1_142' title='bbox 227 2373 317 2433; x_wconf 78' lang='lat' dir='ltr'>sitatis</span> <span class='ocrx_word' id='word_1_143' title='bbox 337 2372 458 2429; x_wconf 84' lang='lat' dir='ltr'>:munia</span> <span class='ocrx_word' id='word_1_144' title='bbox 475 2372 587 2450; x_wconf 87' lang='lat' dir='ltr'>imperii</span> <span class='ocrx_word' id='word_1_145' title='bbox 607 2370 724 2431; x_wconf 74' lang='lat' dir='ltr'>Caecina</span> <span class='ocrx_word' id='word_1_146' title='bbox 742 2392 776 2431; x_wconf 87' lang='lat' dir='ltr'>ac</span> <span class='ocrx_word' id='word_1_147' title='bbox 795 2374 908 2435; x_wconf 84' lang='lat' dir='ltr'>Valens</span> 
     </span>
     <span class='ocr_line' id='line_1_27' title="bbox 173 2452 908 2534; baseline 0.004 -21"><span class='ocrx_word' id='word_1_148' title='bbox 173 2482 178 2491; x_wconf 65' lang='lat'>=</span> <span class='ocrx_word' id='word_1_149' title='bbox 229 2454 348 2514; x_wconf 87' lang='lat' dir='ltr'>obibant</span> <span class='ocrx_word' id='word_1_150' title='bbox 358 2475 368 2523; x_wconf 84' lang='lat'>3</span> <span class='ocrx_word' id='word_1_151' title='bbox 389 2453 461 2510; x_wconf 83' lang='lat' dir='ltr'>olim</span> <span class='ocrx_word' id='word_1_152' title='bbox 475 2452 552 2510; x_wconf 84' lang='lat' dir='ltr'>anxii</span> <span class='ocrx_word' id='word_1_153' title='bbox 568 2452 661 2523; x_wconf 82' lang='lat' dir='ltr'>odiis,</span> <span class='ocrx_word' id='word_1_154' title='bbox 678 2474 756 2534; x_wconf 84' lang='lat' dir='ltr'>quae,</span> <span class='ocrx_word' id='word_1_155' title='bbox 775 2454 852 2513; x_wconf 83' lang='lat' dir='ltr'>beilo</span> <span class='ocrx_word' id='word_1_156' title='bbox 877 2465 908 2516; x_wconf 77' lang='lat' dir='ltr'>dc</span> 
     </span>
     <span class='ocr_line' id='line_1_28' title="bbox 228 2531 908 2613; baseline 0.003 -20"><span class='ocrx_word' id='word_1_157' title='bbox 228 2533 322 2608; x_wconf 68' lang='lat' dir='ltr'>castris</span> <span class='ocrx_word' id='word_1_158' title='bbox 345 2534 417 2593; x_wconf 78' lang='lat' dir='ltr'>maid</span> <span class='ocrx_word' id='word_1_159' title='bbox 437 2531 633 2604; x_wconf 85' lang='lat' dir='ltr'>dissimulata,</span> <span class='ocrx_word' id='word_1_160' title='bbox 655 2536 775 2613; x_wconf 82' lang='lat' dir='ltr'>pravitas</span> <span class='ocrx_word' id='word_1_161' title='bbox 794 2539 908 2595; x_wconf 84' lang='lat' dir='ltr'>amico·</span> 
     </span>
     <span class='ocr_line' id='line_1_29' title="bbox 228 2612 909 2697; baseline 0.007 -25"><span class='ocrx_word' id='word_1_162' title='bbox 228 2637 312 2685; x_wconf 84' lang='lat' dir='ltr'>tum,</span> <span class='ocrx_word' id='word_1_163' title='bbox 331 2624 358 2673; x_wconf 90' lang='lat'>&amp;</span> <span class='ocrx_word' id='word_1_164' title='bbox 377 2612 496 2672; x_wconf 87' lang='lat' dir='ltr'>fecunda</span> <span class='ocrx_word' id='word_1_165' title='bbox 519 2614 668 2697; x_wconf 77' lang='lat' dir='ltr'>gignendis</span> <span class='ocrx_word' id='word_1_166' title='bbox 690 2616 847 2677; x_wconf 85' lang='lat' dir='ltr'>inimicitiis</span> <span class='ocrx_word' id='word_1_167' title='bbox 868 2621 909 2677; x_wconf 90' lang='lat' dir='ltr'>ci-</span> 
     </span>
     <span class='ocr_line' id='line_1_30' title="bbox 228 2693 908 2768; baseline 0.004 -12"><span class='ocrx_word' id='word_1_168' title='bbox 228 2700 301 2757; x_wconf 82' lang='lat' dir='ltr'>vitas</span> <span class='ocrx_word' id='word_1_169' title='bbox 318 2714 449 2764; x_wconf 83' lang='lat' dir='ltr'>auxerat,</span> <span class='ocrx_word' id='word_1_170' title='bbox 468 2693 535 2753; x_wconf 89' lang='lat' dir='ltr'>dum</span> <span class='ocrx_word' id='word_1_171' title='bbox 550 2698 678 2768; x_wconf 82' lang='lat' dir='ltr'>ambitu,</span> <span class='ocrx_word' id='word_1_172' title='bbox 703 2700 860 2768; x_wconf 86' lang='lat' dir='ltr'>comitatu,</span> <span class='ocrx_word' id='word_1_173' title='bbox 879 2709 908 2759; x_wconf 71' lang='lat' dir='ltr'>Sc</span> 
     </span>
     <span class='ocr_line' id='line_1_31' title="bbox 229 2776 907 2863; baseline 0.004 -24"><span class='ocrx_word' id='word_1_174' title='bbox 229 2778 373 2839; x_wconf 79' lang='lat' dir='ltr'>immensis</span> <span class='ocrx_word' id='word_1_175' title='bbox 392 2776 572 2839; x_wconf 83' lang='lat' dir='ltr'>salutantium</span> <span class='ocrx_word' id='word_1_176' title='bbox 596 2778 758 2863; x_wconf 85' lang='lat' dir='ltr'>agminibus</span> <span class='ocrx_word' id='word_1_177' title='bbox 782 2800 907 2853; x_wconf 56' lang='lat' dir='ltr'>conten-2</span> 
     </span>
    </p>
   </div>
   <div class='ocr_carea' id='block_1_3' title="bbox 0 0 1055 3650">
    <p class='ocr_par' dir='ltr' id='par_1_3' title="bbox 0 0 1055 3650">
     <span class='ocr_line' id='line_1_32' title="bbox 0 0 1055 3650; baseline 0 0"><span class='ocrx_word' id='word_1_178' title='bbox 0 0 1055 3650; x_wconf 95' lang='lat' dir='ltr'> </span> 
     </span>
    </p>
   </div>
  </div>
 </body>
</html>
