2100 3650
206 242 520 345 Histonrnuulr
534 273 619 345 zm.
637 270 680 344 V.
710 294 778 366 359

101 392 319 454 versicoloribus
357 389 432 453 haud
471 392 603 453 indecore
633 414 684 472 pro
709 394 782 455 velis

102 474 282 553 juvabantur.
307 474 436 555 Spatium
463 474 542 533 velut
563 476 681 556 aequoris
701 474 780 534 elec·

104 570 184 625 tum,
224 575 262 613 uo
275 554 366 615 Mosae
380 555 505 614 fluminis
521 576 556 615 os
573 576 688 615 amnem
707 553 784 615 Rhe·

105 656 177 697 num
229 656 316 695 ceano
338 634 477 696 adfirndit.
502 633 600 697 Causa
620 635 785 700 instruende

107 716 228 787 classis,
256 736 337 796 super
362 717 477 776 insitam
504 719 584 800 genti
607 720 785 794 vanitatem,

107 815 141 857 ut
160 816 196 855 eo
221 814 323 856 terrore
353 814 527 857 commeatus
554 798 651 859 Gallia
673 798 785 861 adven·

108 896 203 942 rantes
236 879 437 959 interciperent.
477 878 600 939 Cerialis
646 882 786 943 miraculo

111 960 227 1042 magis,
244 957 330 1040 quim
348 979 443 1031 metu,
463 958 563 1020 direxit
580 961 719 1033 classem,
735 984 788 1024 nu·

112 1060 194 1099 mero
216 1043 370 1121 imparem,
393 1061 446 1101 usu
462 1043 624 1124 remigum,
653 1043 791 1125 guberna·

114 1140 210 1181 torum
233 1141 311 1192 arte,
333 1124 449 1184 navium
472 1142 518 1182 ma
541 1124 667 1184 nitudine
689 1128 789 1205 potio·

114 1222 185 1261 rem.
215 1202 271 1262 His
303 1205 410 1264 flumen
435 1144 609 1275 mongum,
635 1205 678 1264 illi
703 1226 790 1267 vento

83 1298 87 1309 '
115 1283 283 1367 agebantur.
308 1284 355 1344 Sic
377 1286 525 1365 praevecti,
545 1303 653 1345 tentato
671 1285 792 1349 telorum

117 1368 215 1446 jactu,
238 1364 412 1428 dirimunnrr.
433 1365 537 1427 Civilis
552 1364 625 1427 nibil
646 1365 717 1429 ulula
735 1390 792 1428 au-

118 1467 187 1516 sus,
205 1465 281 1506 trans
298 1444 430 1507 Rhenum
450 1449 593 1508 concessit.
611 1448 731 1511 Cerialis
752 1452 794 1512 in·

35 1526 38 1531 ’
121 1527 215 1587 sulam
247 1528 416 1591 Batavorum
452 1526 589 1589 hostiliter
625 1531 795 1611 populatus,

122 1628 208 1691 agros
225 1610 360 1691 villasque
377 1609 480 1671 Civilis
495 1612 634 1681 incastos,
649 1610 718 1671 notai
739 1632 798 1672 arte

125 1688 229 1757 ducum
240 1736 250 1761 ,
263 1691 372 1752 sinebat
388 1714 395 1749 t
411 1710 498 1773 quum
511 1693 642 1761 interim,
660 1694 733 1750 flexu
747 1714 800 1753 au·

126 1773 240 1844 tumni,
268 1780 295 1833 δι
321 1773 422 1833 crebris
450 1773 621 1853 pluvialibus
640 1773 799 1848 imbribus,

127 1852 286 1932 superfusus
304 1856 417 1924 amnis,
437 1851 584 1934 palustrem
608 1851 802 1937 humilemque

126 1935 308 1995 insulamin
332 1934 437 1996 faciem
463 1932 556 2018 stagni
579 1934 729 2014 opplevit:
750 1957 802 1996 nec

129 2015 245 2087 classis,
261 2034 310 2076 aut
326 2034 500 2077 commeatus
514 2015 647 2076 aderant:
662 2013 806 2099 caſtraque

132 2097 164 2156 in
183 2097 268 2176 plano
285 2100 358 2168 sita,
373 2100 404 2157 vi
417 2098 542 2157 fluminis
558 2094 764 2158 differebantur.

174 2177 287 2239 XXIV.
296 2179 427 2242 Potuisse
438 2198 501 2244 tunc
507 2180 624 2256 opprimi
632 2179 766 2257 legiones,
779 2176 808 2242 ἃ

135 2261 259 2321 'voluisse
274 2261 426 2322 Gennanos
434 2309 446 2333 ,
456 2265 506 2321 sed
511 2263 573 2322 dolo
586 2283 604 2319 α
614 2283 645 2320 se
652 2263 741 2340 flexos
750 2263 808 2322 im-

137 2343 247 2420 putavit
270 2342 382 2406 Civilis.
416 2343 518 2424 Neque
547 2339 679 2401 abhorret
713 2361 808 2414 vero,
889 2391 895 2398 .

140 2422 255 2501 quando
271 2425 365 2503 paucis
382 2421 443 2503 pbst
455 2423 554 2484 diebus
569 2421 676 2481 deditio
686 2423 810 2486 insecuta

140 2500 188 2562 est
213 2504 291 2564 Nam
309 2505 448 2576 Cerialis,
470 2525 517 2584 per
531 2503 657 2563 occultos
676 2503 810 2577 nuncios,

137 2582 265 2646 Batauis
279 2609 394 2662 pacem,
416 2587 504 2647 civili
515 2587 625 2647 veniam
646 2581 811 2660 ostentans,

141 2663 298 2738 Veledam,
316 2669 541 2749 propinquosque
552 2665 706 2736 monebat,
712 2666 811 2744 fhrru·

139 2774 207 2818 nam
218 2750 300 2828 balli,
310 2767 350 2808 tot
361 2749 482 2810 cladibus
494 2751 639 2813 aduersam
645 2793 657 2822 ,
667 2765 822 2824 opportune
