<?xml version="1.0" encoding="UTF-8"?>
<!DOCTYPE html PUBLIC "-//W3C//DTD XHTML 1.0 Transitional//EN"
    "http://www.w3.org/TR/xhtml1/DTD/xhtml1-transitional.dtd">
<html xmlns="http://www.w3.org/1999/xhtml" xml:lang="en" lang="en">
 <head>
  <title>
</title>
<meta http-equiv="Content-Type" content="text/html;charset=utf-8" />
  <meta name='ocr-system' content='tesseract 3.04.00' />
  <meta name='ocr-capabilities' content='ocr_page ocr_carea ocr_par ocr_line ocrx_word'/>
</head>
<body>
  <div class='ocr_page' id='page_1' title='image "./ccorneliitaciti00lallgoog_0105.png"; bbox 0 0 2100 3650; ppageno 0'>
   <div class='ocr_carea' id='block_1_1' title="bbox 195 295 784 390">
    <p class='ocr_par' dir='ltr' id='par_1_1' title="bbox 195 295 784 390">
     <span class='ocr_line' id='line_1_1' title="bbox 195 295 784 390; baseline 0.01 -30"><span class='ocrx_word' id='word_1_1' title='bbox 195 295 507 365; x_wconf 66' lang='lat' dir='ltr'>Historiarum</span> <span class='ocrx_word' id='word_1_2' title='bbox 531 295 616 365; x_wconf 73' lang='grc' dir='ltr'>ω.</span> <span class='ocrx_word' id='word_1_3' title='bbox 642 297 693 366; x_wconf 88' lang='lat' dir='ltr'>II.</span> <span class='ocrx_word' id='word_1_4' title='bbox 744 315 784 390; x_wconf 68' lang='grc' dir='ltr'>,ς</span> 
     </span>
    </p>
   </div>
   <div class='ocr_carea' id='block_1_2' title="bbox 102 414 804 2856">
    <p class='ocr_par' dir='ltr' id='par_1_2' title="bbox 102 414 797 1794">
     <span class='ocr_line' id='line_1_2' title="bbox 102 414 791 495; baseline 0.01 -23"><span class='ocrx_word' id='word_1_5' title='bbox 102 432 217 495; x_wconf 72' lang='lat' dir='ltr'>potens</span> <span class='ocrx_word' id='word_1_6' title='bbox 231 415 278 474; x_wconf 83' lang='lat' dir='ltr'>vel</span> <span class='ocrx_word' id='word_1_7' title='bbox 291 416 372 495; x_wconf 89' lang='lat' dir='ltr'>inops</span> <span class='ocrx_word' id='word_1_8' title='bbox 390 436 450 474; x_wconf 89' lang='lat' dir='ltr'>reus</span> <span class='ocrx_word' id='word_1_9' title='bbox 466 415 621 486; x_wconf 83' lang='lat' dir='ltr'>inciderat,</span> <span class='ocrx_word' id='word_1_10' title='bbox 646 414 791 480; x_wconf 83' lang='lat' dir='ltr'>infirmum</span> 
     </span>
     <span class='ocr_line' id='line_1_3' title="bbox 104 493 793 566; baseline 0.003 -10"><span class='ocrx_word' id='word_1_11' title='bbox 104 515 165 556; x_wconf 75' lang='lat' dir='ltr'>aut</span> <span class='ocrx_word' id='word_1_12' title='bbox 181 495 331 566; x_wconf 87' lang='lat' dir='ltr'>validum,</span> <span class='ocrx_word' id='word_1_13' title='bbox 354 497 532 556; x_wconf 88' lang='lat' dir='ltr'>retinebatur.</span> <span class='ocrx_word' id='word_1_14' title='bbox 550 497 597 558; x_wconf 82' lang='lat' dir='ltr'>Ad</span> <span class='ocrx_word' id='word_1_15' title='bbox 614 493 674 557; x_wconf 72' lang='lat' dir='ltr'>hac</span> <span class='ocrx_word' id='word_1_16' title='bbox 690 517 793 558; x_wconf 84' lang='lat' dir='ltr'>terrore</span> 
     </span>
     <span class='ocr_line' id='line_1_4' title="bbox 106 576 790 657; baseline 0.004 -22"><span class='ocrx_word' id='word_1_17' title='bbox 106 585 144 635; x_wconf 86' lang='lat'>&amp;</span> <span class='ocrx_word' id='word_1_18' title='bbox 164 576 278 656; x_wconf 63' lang='lat' dir='ltr'>proprii</span> <span class='ocrx_word' id='word_1_19' title='bbox 300 579 329 636; x_wconf 85' lang='lat' dir='ltr'>vi</span> <span class='ocrx_word' id='word_1_20' title='bbox 359 576 476 657; x_wconf 85' lang='lat' dir='ltr'>Crispus</span> <span class='ocrx_word' id='word_1_21' title='bbox 501 578 684 650; x_wconf 83' lang='lat' dir='ltr'>incubuerat,</span> <span class='ocrx_word' id='word_1_22' title='bbox 707 577 790 638; x_wconf 85' lang='lat' dir='ltr'>dela·</span> 
     </span>
     <span class='ocr_line' id='line_1_5' title="bbox 109 655 792 742; baseline 0.007 -28"><span class='ocrx_word' id='word_1_23' title='bbox 109 676 210 715; x_wconf 88' lang='lat' dir='ltr'>torem</span> <span class='ocrx_word' id='word_1_24' title='bbox 228 655 320 717; x_wconf 85' lang='lat' dir='ltr'>fratris</span> <span class='ocrx_word' id='word_1_25' title='bbox 341 661 384 716; x_wconf 85' lang='lat' dir='ltr'>sui</span> <span class='ocrx_word' id='word_1_26' title='bbox 408 679 559 739; x_wconf 82' lang='lat' dir='ltr'>pervertere</span> <span class='ocrx_word' id='word_1_27' title='bbox 585 682 592 716; x_wconf 92' lang='lat'>:</span> <span class='ocrx_word' id='word_1_28' title='bbox 616 677 792 742; x_wconf 85' lang='lat' dir='ltr'>traxeratque</span> 
     </span>
     <span class='ocr_line' id='line_1_6' title="bbox 109 738 793 820; baseline 0.004 -23"><span class='ocrx_word' id='word_1_29' title='bbox 109 758 256 820; x_wconf 83' lang='lat' dir='ltr'>magnam</span> <span class='ocrx_word' id='word_1_30' title='bbox 284 738 395 798; x_wconf 79' lang='lat' dir='ltr'>senariis</span> <span class='ocrx_word' id='word_1_31' title='bbox 420 759 548 819; x_wconf 87' lang='lat' dir='ltr'>partem,</span> <span class='ocrx_word' id='word_1_32' title='bbox 572 759 602 798; x_wconf 83' lang='lat' dir='ltr'>ut</span> <span class='ocrx_word' id='word_1_33' title='bbox 624 741 793 818; x_wconf 76' lang='lat' dir='ltr'>indefensum</span> 
     </span>
     <span class='ocr_line' id='line_1_7' title="bbox 113 817 791 900; baseline 0.004 -22"><span class='ocrx_word' id='word_1_34' title='bbox 113 817 145 878; x_wconf 69' lang='grc' dir='ltr'>ἃ</span> <span class='ocrx_word' id='word_1_35' title='bbox 166 821 322 879; x_wconf 79' lang='lat' dir='ltr'>inauditum</span> <span class='ocrx_word' id='word_1_36' title='bbox 345 821 407 880; x_wconf 77' lang='lat' dir='ltr'>dodi</span> <span class='ocrx_word' id='word_1_37' title='bbox 424 825 463 880; x_wconf 80' lang='lat' dir='ltr'>od</span> <span class='ocrx_word' id='word_1_38' title='bbox 481 822 596 880; x_wconf 76' lang='lat' dir='ltr'>exitium</span> <span class='ocrx_word' id='word_1_39' title='bbox 615 819 791 900; x_wconf 72' lang='lat' dir='ltr'>postularent,</span> 
     </span>
     <span class='ocr_line' id='line_1_8' title="bbox 113 899 792 983; baseline 0.004 -23"><span class='ocrx_word' id='word_1_40' title='bbox 113 899 233 961; x_wconf 84' lang='lat' dir='ltr'>Contr&#39;a</span> <span class='ocrx_word' id='word_1_41' title='bbox 252 901 327 981; x_wconf 91' lang='lat' dir='ltr'>apud</span> <span class='ocrx_word' id='word_1_42' title='bbox 344 903 414 960; x_wconf 87' lang='lat' dir='ltr'>alios</span> <span class='ocrx_word' id='word_1_43' title='bbox 432 899 504 963; x_wconf 86' lang='lat' dir='ltr'>nihil</span> <span class='ocrx_word' id='word_1_44' title='bbox 526 903 603 983; x_wconf 78' lang='lat' dir='ltr'>aequl</span> <span class='ocrx_word' id='word_1_45' title='bbox 623 921 671 960; x_wconf 88' lang='lat' dir='ltr'>teo</span> <span class='ocrx_word' id='word_1_46' title='bbox 690 903 792 982; x_wconf 85' lang='lat' dir='ltr'>prode-</span> 
     </span>
     <span class='ocr_line' id='line_1_9' title="bbox 111 980 793 1062; baseline 0.006 -20"><span class='ocrx_word' id='word_1_47' title='bbox 111 1000 179 1052; x_wconf 85' lang='lat' dir='ltr'>rat,</span> <span class='ocrx_word' id='word_1_48' title='bbox 209 980 296 1062; x_wconf 78' lang='lat' dir='ltr'>quim</span> <span class='ocrx_word' id='word_1_49' title='bbox 322 984 412 1043; x_wconf 83' lang='lat' dir='ltr'>nimia</span> <span class='ocrx_word' id='word_1_50' title='bbox 439 987 564 1062; x_wconf 87' lang='lat' dir='ltr'>potentia</span> <span class='ocrx_word' id='word_1_51' title='bbox 593 985 761 1044; x_wconf 82' lang='lat' dir='ltr'>accusatoris</span> <span class='ocrx_word' id='word_1_52' title='bbox 784 1007 793 1046; x_wconf 77' lang='lat' dir='ltr'>a</span> 
     </span>
     <span class='ocr_line' id='line_1_10' title="bbox 113 1062 795 1144; baseline 0.006 -22"><span class='ocrx_word' id='word_1_53' title='bbox 113 1065 183 1122; x_wconf 81' lang='lat' dir='ltr'>dari</span> <span class='ocrx_word' id='word_1_54' title='bbox 201 1081 324 1138; x_wconf 68' lang='lat' dir='ltr'>temptet,</span> <span class='ocrx_word' id='word_1_55' title='bbox 347 1067 390 1124; x_wconf 87' lang='lat' dir='ltr'>cdi</span> <span class='ocrx_word' id='word_1_56' title='bbox 405 1065 536 1136; x_wconf 74' lang='lat' dir='ltr'>crimina,</span> <span class='ocrx_word' id='word_1_57' title='bbox 558 1062 585 1126; x_wconf 70' lang='grc' dir='ltr'><em>θ</em></span> <span class='ocrx_word' id='word_1_58' title='bbox 606 1066 733 1144; x_wconf 76' lang='lat' dir='ltr'>quamvis</span> <span class='ocrx_word' id='word_1_59' title='bbox 748 1067 795 1126; x_wconf 80' lang='lat' dir='ltr'>in-</span> 
     </span>
     <span class='ocr_line' id='line_1_11' title="bbox 113 1146 795 1216; baseline -0.001 -9"><span class='ocrx_word' id='word_1_60' title='bbox 113 1147 214 1207; x_wconf 71' lang='lat' dir='ltr'>visum</span> <span class='ocrx_word' id='word_1_61' title='bbox 232 1166 432 1216; x_wconf 73' lang='lat' dir='ltr'>oenomaum,</span> <span class='ocrx_word' id='word_1_62' title='bbox 449 1169 521 1207; x_wconf 86' lang='lat' dir='ltr'>more</span> <span class='ocrx_word' id='word_1_63' title='bbox 534 1165 623 1206; x_wconf 82' lang='lat' dir='ltr'>tamen</span> <span class='ocrx_word' id='word_1_64' title='bbox 632 1146 795 1206; x_wconf 75' lang='lat' dir='ltr'>audiendum</span> 
     </span>
     <span class='ocr_line' id='line_1_12' title="bbox 116 1226 797 1308; baseline -0.001 -19"><span class='ocrx_word' id='word_1_65' title='bbox 116 1227 281 1289; x_wconf 84' lang='lat' dir='ltr'>censebant.</span> <span class='ocrx_word' id='word_1_66' title='bbox 312 1228 350 1287; x_wconf 79' lang='lat' dir='ltr'>Et</span> <span class='ocrx_word' id='word_1_67' title='bbox 376 1229 486 1288; x_wconf 88' lang='lat' dir='ltr'>valuere</span> <span class='ocrx_word' id='word_1_68' title='bbox 509 1226 625 1308; x_wconf 72' lang='lat' dir='ltr'>primi),</span> <span class='ocrx_word' id='word_1_69' title='bbox 653 1226 797 1308; x_wconf 84' lang='lat' dir='ltr'>dilataque</span> 
     </span>
     <span class='ocr_line' id='line_1_13' title="bbox 115 1307 797 1391; baseline 0.001 -25"><span class='ocrx_word' id='word_1_70' title='bbox 115 1308 151 1366; x_wconf 89' lang='lat' dir='ltr'>in</span> <span class='ocrx_word' id='word_1_71' title='bbox 172 1329 277 1387; x_wconf 83' lang='lat' dir='ltr'>paucos</span> <span class='ocrx_word' id='word_1_72' title='bbox 299 1308 358 1370; x_wconf 86' lang='lat' dir='ltr'>dies</span> <span class='ocrx_word' id='word_1_73' title='bbox 381 1311 509 1391; x_wconf 84' lang='lat' dir='ltr'>cognitio</span> <span class='ocrx_word' id='word_1_74' title='bbox 532 1329 629 1368; x_wconf 82' lang='lat' dir='ltr'>:mox</span> <span class='ocrx_word' id='word_1_75' title='bbox 646 1307 797 1372; x_wconf 77' lang='lat' dir='ltr'>damnatus</span> 
     </span>
     <span class='ocr_line' id='line_1_14' title="bbox 117 1387 795 1471; baseline 0 -24"><span class='ocrx_word' id='word_1_76' title='bbox 117 1387 160 1447; x_wconf 88' lang='lat' dir='ltr'>est</span> <span class='ocrx_word' id='word_1_77' title='bbox 181 1388 313 1459; x_wconf 78' lang='lat' dir='ltr'>Faustus,</span> <span class='ocrx_word' id='word_1_78' title='bbox 334 1410 512 1471; x_wconf 87' lang='lat' dir='ltr'>nequaquam</span> <span class='ocrx_word' id='word_1_79' title='bbox 536 1409 571 1447; x_wconf 88' lang='lat' dir='ltr'>eo</span> <span class='ocrx_word' id='word_1_80' title='bbox 590 1409 700 1450; x_wconf 85' lang='lat' dir='ltr'>assensu</span> <span class='ocrx_word' id='word_1_81' title='bbox 721 1390 795 1448; x_wconf 82' lang='lat' dir='ltr'>civi·</span> 
     </span>
     <span class='ocr_line' id='line_1_15' title="bbox 118 1471 794 1551; baseline 0.001 -22"><span class='ocrx_word' id='word_1_82' title='bbox 118 1472 208 1541; x_wconf 86' lang='lat' dir='ltr'>tatis,</span> <span class='ocrx_word' id='word_1_83' title='bbox 232 1491 316 1550; x_wconf 90' lang='lat' dir='ltr'>quem</span> <span class='ocrx_word' id='word_1_84' title='bbox 338 1474 463 1551; x_wconf 80' lang='lat' dir='ltr'>pessimis</span> <span class='ocrx_word' id='word_1_85' title='bbox 481 1471 606 1530; x_wconf 83' lang='lat' dir='ltr'>moribus</span> <span class='ocrx_word' id='word_1_86' title='bbox 629 1489 794 1535; x_wconf 84' lang='lat' dir='ltr'>meruerat:</span> 
     </span>
     <span class='ocr_line' id='line_1_16' title="bbox 119 1551 797 1632; baseline 0.001 -23"><span class='ocrx_word' id='word_1_87' title='bbox 119 1555 227 1632; x_wconf 87' lang='lat' dir='ltr'>quippe</span> <span class='ocrx_word' id='word_1_88' title='bbox 249 1555 339 1631; x_wconf 84' lang='lat' dir='ltr'>ipsum</span> <span class='ocrx_word' id='word_1_89' title='bbox 360 1553 493 1632; x_wconf 87' lang='lat' dir='ltr'>Crispum</span> <span class='ocrx_word' id='word_1_90' title='bbox 513 1552 625 1611; x_wconf 80' lang='lat' dir='ltr'>easdem</span> <span class='ocrx_word' id='word_1_91' title='bbox 643 1551 797 1610; x_wconf 81' lang='lat' dir='ltr'>accusatio·</span> 
     </span>
     <span class='ocr_line' id='line_1_17' title="bbox 118 1635 797 1714; baseline 0.001 -23"><span class='ocrx_word' id='word_1_92' title='bbox 118 1655 172 1697; x_wconf 86' lang='lat' dir='ltr'>nes</span> <span class='ocrx_word' id='word_1_93' title='bbox 191 1655 257 1691; x_wconf 85' lang='lat' dir='ltr'>curn</span> <span class='ocrx_word' id='word_1_94' title='bbox 276 1636 391 1714; x_wconf 79' lang='lat' dir='ltr'>praemio</span> <span class='ocrx_word' id='word_1_95' title='bbox 411 1636 561 1692; x_wconf 79' lang='lat' dir='ltr'>exercuisse</span> <span class='ocrx_word' id='word_1_96' title='bbox 581 1635 767 1692; x_wconf 84' lang='lat' dir='ltr'>meminerant</span> <span class='ocrx_word' id='word_1_97' title='bbox 788 1654 797 1692; x_wconf 80' lang='lat' dir='ltr'>t</span> 
     </span>
     <span class='ocr_line' id='line_1_18' title="bbox 120 1713 797 1794; baseline -0.001 -20"><span class='ocrx_word' id='word_1_98' title='bbox 120 1736 176 1774; x_wconf 88' lang='lat' dir='ltr'>nec</span> <span class='ocrx_word' id='word_1_99' title='bbox 200 1736 284 1794; x_wconf 85' lang='lat' dir='ltr'>poena</span> <span class='ocrx_word' id='word_1_100' title='bbox 302 1717 441 1786; x_wconf 87' lang='lat' dir='ltr'>criminis,</span> <span class='ocrx_word' id='word_1_101' title='bbox 464 1715 513 1774; x_wconf 84' lang='lat' dir='ltr'>sed</span> <span class='ocrx_word' id='word_1_102' title='bbox 531 1715 604 1773; x_wconf 88' lang='lat' dir='ltr'>ultor</span> <span class='ocrx_word' id='word_1_103' title='bbox 622 1713 797 1793; x_wconf 85' lang='lat' dir='ltr'>displicebat.</span> 
     </span>
    </p>

    <p class='ocr_par' dir='ltr' id='par_1_3' title="bbox 123 1793 804 2856">
     <span class='ocr_line' id='line_1_19' title="bbox 163 1793 799 1875; baseline -0.003 -20"><span class='ocrx_word' id='word_1_104' title='bbox 163 1796 218 1857; x_wconf 85' lang='lat' dir='ltr'>XI.</span> <span class='ocrx_word' id='word_1_105' title='bbox 230 1797 306 1856; x_wconf 85' lang='lat' dir='ltr'>Laeta</span> <span class='ocrx_word' id='word_1_106' title='bbox 320 1798 430 1855; x_wconf 87' lang='lat' dir='ltr'>interim</span> <span class='ocrx_word' id='word_1_107' title='bbox 441 1795 555 1857; x_wconf 86' lang='lat' dir='ltr'>Othoni</span> <span class='ocrx_word' id='word_1_108' title='bbox 566 1796 702 1875; x_wconf 87' lang='lat' dir='ltr'>principia</span> <span class='ocrx_word' id='word_1_109' title='bbox 712 1793 799 1871; x_wconf 81' lang='lat' dir='ltr'>belh,</span> 
     </span>
     <span class='ocr_line' id='line_1_20' title="bbox 123 1874 802 1959; baseline -0.006 -20"><span class='ocrx_word' id='word_1_110' title='bbox 123 1881 212 1940; x_wconf 88' lang='lat' dir='ltr'>motis</span> <span class='ocrx_word' id='word_1_111' title='bbox 231 1878 268 1937; x_wconf 88' lang='lat' dir='ltr'>ad</span> <span class='ocrx_word' id='word_1_112' title='bbox 286 1880 435 1959; x_wconf 88' lang='lat' dir='ltr'>imperium</span> <span class='ocrx_word' id='word_1_113' title='bbox 451 1884 509 1957; x_wconf 83' lang='lat' dir='ltr'>ejus</span> <span class='ocrx_word' id='word_1_114' title='bbox 527 1898 542 1934; x_wconf 88' lang='lat' dir='ltr'>e</span> <span class='ocrx_word' id='word_1_115' title='bbox 558 1876 705 1937; x_wconf 80' lang='lat' dir='ltr'>Dalmatia</span> <span class='ocrx_word' id='word_1_116' title='bbox 724 1874 802 1935; x_wconf 84' lang='lat' dir='ltr'>Pan·</span> 
     </span>
     <span class='ocr_line' id='line_1_21' title="bbox 123 1956 802 2041; baseline -0.009 -21"><span class='ocrx_word' id='word_1_117' title='bbox 123 1962 270 2041; x_wconf 86' lang='lat' dir='ltr'>noniaque</span> <span class='ocrx_word' id='word_1_118' title='bbox 292 1961 455 2018; x_wconf 85' lang='lat' dir='ltr'>exercitibus</span> <span class='ocrx_word' id='word_1_119' title='bbox 478 1983 484 2016; x_wconf 80' lang='lat' dir='ltr'>t</span> <span class='ocrx_word' id='word_1_120' title='bbox 508 1958 583 2017; x_wconf 86' lang='lat' dir='ltr'>fuere</span> <span class='ocrx_word' id='word_1_121' title='bbox 610 1976 729 2037; x_wconf 86' lang='lat' dir='ltr'>quatuor</span> <span class='ocrx_word' id='word_1_122' title='bbox 759 1956 802 2016; x_wconf 85' lang='lat' dir='ltr'>le-</span> 
     </span>
     <span class='ocr_line' id='line_1_22' title="bbox 124 2037 800 2127; baseline -0.009 -24"><span class='ocrx_word' id='word_1_123' title='bbox 124 2046 228 2127; x_wconf 85' lang='lat' dir='ltr'>giones</span> <span class='ocrx_word' id='word_1_124' title='bbox 241 2062 286 2111; x_wconf 80' lang='lat' dir='ltr'>,·e</span> <span class='ocrx_word' id='word_1_125' title='bbox 308 2041 409 2123; x_wconf 83' lang='lat' dir='ltr'>quibus</span> <span class='ocrx_word' id='word_1_126' title='bbox 435 2040 503 2099; x_wconf 90' lang='lat' dir='ltr'>bina</span> <span class='ocrx_word' id='word_1_127' title='bbox 527 2039 617 2098; x_wconf 84' lang='lat' dir='ltr'>millia</span> <span class='ocrx_word' id='word_1_128' title='bbox 639 2037 800 2117; x_wconf 64' lang='lat' dir='ltr'>premissae</span> 
     </span>
     <span class='ocr_line' id='line_1_23' title="bbox 123 2120 802 2205; baseline -0.012 -20"><span class='ocrx_word' id='word_1_129' title='bbox 123 2128 192 2205; x_wconf 87' lang='lat' dir='ltr'>ipsae</span> <span class='ocrx_word' id='word_1_130' title='bbox 209 2122 331 2182; x_wconf 87' lang='lat' dir='ltr'>modicis</span> <span class='ocrx_word' id='word_1_131' title='bbox 347 2122 498 2181; x_wconf 85' lang='lat' dir='ltr'>intervallis</span> <span class='ocrx_word' id='word_1_132' title='bbox 512 2120 699 2201; x_wconf 86' lang='lat' dir='ltr'>sequebantur</span> <span class='ocrx_word' id='word_1_133' title='bbox 715 2142 721 2177; x_wconf 92' lang='lat'><strong>:</strong></span> <span class='ocrx_word' id='word_1_134' title='bbox 741 2138 802 2201; x_wconf 81' lang='lat' dir='ltr'>cep-</span> 
     </span>
     <span class='ocr_line' id='line_1_24' title="bbox 123 2200 801 2283; baseline -0.01 -17"><span class='ocrx_word' id='word_1_135' title='bbox 123 2208 199 2266; x_wconf 86' lang='lat' dir='ltr'>tima</span> <span class='ocrx_word' id='word_1_136' title='bbox 220 2226 237 2264; x_wconf 88' lang='lat' dir='ltr'>a</span> <span class='ocrx_word' id='word_1_137' title='bbox 254 2204 349 2265; x_wconf 90' lang='lat' dir='ltr'>Galba</span> <span class='ocrx_word' id='word_1_138' title='bbox 368 2205 542 2283; x_wconf 83' lang='lat' dir='ltr'>conscripta3</span> <span class='ocrx_word' id='word_1_139' title='bbox 561 2220 696 2261; x_wconf 81' lang='lat' dir='ltr'>veteranae</span> <span class='ocrx_word' id='word_1_140' title='bbox 712 2200 801 2260; x_wconf 88' lang='lat' dir='ltr'>unde-</span> 
     </span>
     <span class='ocr_line' id='line_1_25' title="bbox 125 2280 803 2363; baseline -0.01 -15"><span class='ocrx_word' id='word_1_141' title='bbox 125 2291 224 2357; x_wconf 83' lang='lat' dir='ltr'>cima,</span> <span class='ocrx_word' id='word_1_142' title='bbox 249 2307 282 2344; x_wconf 86' lang='lat' dir='ltr'>ac</span> <span class='ocrx_word' id='word_1_143' title='bbox 303 2285 518 2354; x_wconf 83' lang='lat' dir='ltr'>tertiadecima,</span> <span class='ocrx_word' id='word_1_144' title='bbox 539 2292 566 2343; x_wconf 81' lang='lat' dir='ltr'>dc</span> <span class='ocrx_word' id='word_1_145' title='bbox 593 2281 728 2363; x_wconf 66' lang='lat' dir='ltr'>precipui</span> <span class='ocrx_word' id='word_1_146' title='bbox 756 2280 803 2341; x_wconf 78' lang='lat' dir='ltr'>fa-</span> 
     </span>
     <span class='ocr_line' id='line_1_26' title="bbox 127 2364 804 2451; baseline -0.01 -22"><span class='ocrx_word' id='word_1_147' title='bbox 127 2368 177 2430; x_wconf 67' lang='lat' dir='ltr'>mi</span> <span class='ocrx_word' id='word_1_148' title='bbox 196 2367 464 2451; x_wconf 84' lang='lat' dir='ltr'>quartadecumani,</span> <span class='ocrx_word' id='word_1_149' title='bbox 485 2366 635 2425; x_wconf 78' lang='lat' dir='ltr'>rebellione</span> <span class='ocrx_word' id='word_1_150' title='bbox 652 2364 804 2423; x_wconf 63' lang='lat' dir='ltr'>Britannia</span> 
     </span>
     <span class='ocr_line' id='line_1_27' title="bbox 128 2444 804 2530; baseline -0.016 -19"><span class='ocrx_word' id='word_1_151' title='bbox 128 2448 296 2530; x_wconf 65' lang='lat' dir='ltr'>compressit.</span> <span class='ocrx_word' id='word_1_152' title='bbox 316 2447 470 2507; x_wconf 83' lang='lat' dir='ltr'>Addiderat</span> <span class='ocrx_word' id='word_1_153' title='bbox 484 2446 605 2530; x_wconf 87' lang='lat' dir='ltr'>gloriam</span> <span class='ocrx_word' id='word_1_154' title='bbox 623 2444 722 2513; x_wconf 89' lang='lat' dir='ltr'>Nero,</span> <span class='ocrx_word' id='word_1_155' title='bbox 744 2444 804 2517; x_wconf 82' lang='lat' dir='ltr'>eli-</span> 
     </span>
     <span class='ocr_line' id='line_1_28' title="bbox 126 2524 803 2617; baseline -0.013 -25"><span class='ocrx_word' id='word_1_156' title='bbox 126 2532 245 2617; x_wconf 84' lang='lat' dir='ltr'>gendo,</span> <span class='ocrx_word' id='word_1_157' title='bbox 270 2549 301 2589; x_wconf 92' lang='lat' dir='ltr'>ut</span> <span class='ocrx_word' id='word_1_158' title='bbox 324 2531 514 2610; x_wconf 86' lang='lat' dir='ltr'>potissimos:</span> <span class='ocrx_word' id='word_1_159' title='bbox 540 2526 613 2585; x_wconf 91' lang='lat' dir='ltr'>unde</span> <span class='ocrx_word' id='word_1_160' title='bbox 635 2525 721 2607; x_wconf 82' lang='lat' dir='ltr'>longa</span> <span class='ocrx_word' id='word_1_161' title='bbox 746 2524 803 2583; x_wconf 83' lang='lat' dir='ltr'>illis</span> 
     </span>
     <span class='ocr_line' id='line_1_29' title="bbox 126 2601 800 2698; baseline -0.016 -24"><span class='ocrx_word' id='word_1_162' title='bbox 126 2636 195 2698; x_wconf 88' lang='lat' dir='ltr'>erga</span> <span class='ocrx_word' id='word_1_163' title='bbox 212 2612 358 2672; x_wconf 91' lang='lat' dir='ltr'>Neronem</span> <span class='ocrx_word' id='word_1_164' title='bbox 383 2608 472 2678; x_wconf 88' lang='lat' dir='ltr'>fides,</span> <span class='ocrx_word' id='word_1_165' title='bbox 491 2617 519 2667; x_wconf 89' lang='lat'>&amp;</span> <span class='ocrx_word' id='word_1_166' title='bbox 538 2610 627 2665; x_wconf 71' lang='lat' dir='ltr'>erecta</span> <span class='ocrx_word' id='word_1_167' title='bbox 649 2607 679 2664; x_wconf 90' lang='lat' dir='ltr'>in</span> <span class='ocrx_word' id='word_1_168' title='bbox 699 2601 800 2665; x_wconf 83' lang='lat' dir='ltr'>Otho-</span> 
     </span>
     <span class='ocr_line' id='line_1_30' title="bbox 126 2685 804 2773; baseline -0.018 -17"><span class='ocrx_word' id='word_1_169' title='bbox 126 2718 195 2756; x_wconf 88' lang='lat' dir='ltr'>nem</span> <span class='ocrx_word' id='word_1_170' title='bbox 210 2689 381 2753; x_wconf 70' lang='lat' dir='ltr'>studia.&#39;Sed</span> <span class='ocrx_word' id='word_1_171' title='bbox 397 2689 456 2773; x_wconf 85' lang='lat' dir='ltr'>qub</span> <span class='ocrx_word' id='word_1_172' title='bbox 474 2689 534 2769; x_wconf 77' lang='lat' dir='ltr'>plus</span> <span class='ocrx_word' id='word_1_173' title='bbox 552 2689 655 2748; x_wconf 82' lang='lat' dir='ltr'>virium</span> <span class='ocrx_word' id='word_1_174' title='bbox 672 2706 704 2746; x_wconf 87' lang='lat' dir='ltr'>ac</span> <span class='ocrx_word' id='word_1_175' title='bbox 721 2685 804 2744; x_wconf 88' lang='lat' dir='ltr'>robo-</span> 
     </span>
     <span class='ocr_line' id='line_1_31' title="bbox 127 2770 804 2856; baseline -0.013 -16"><span class='ocrx_word' id='word_1_176' title='bbox 127 2782 194 2856; x_wconf 82' lang='lat' dir='ltr'>ris,</span> <span class='ocrx_word' id='word_1_177' title='bbox 225 2797 240 2835; x_wconf 89' lang='lat' dir='ltr'>e</span> <span class='ocrx_word' id='word_1_178' title='bbox 268 2774 372 2836; x_wconf 81' lang='lat' dir='ltr'>fiducia</span> <span class='ocrx_word' id='word_1_179' title='bbox 402 2770 517 2835; x_wconf 86' lang='lat' dir='ltr'>tarditas</span> <span class='ocrx_word' id='word_1_180' title='bbox 545 2772 634 2832; x_wconf 81' lang='lat' dir='ltr'>inerat</span> <span class='ocrx_word' id='word_1_181' title='bbox 648 2790 670 2827; x_wconf 45' lang='lat' dir='ltr'>*t</span> <span class='ocrx_word' id='word_1_182' title='bbox 699 2784 804 2850; x_wconf 84' lang='lat' dir='ltr'>agmen</span> 
     </span>
    </p>
   </div>
   <div class='ocr_carea' id='block_1_3' title="bbox 0 0 1088 3650">
    <p class='ocr_par' dir='ltr' id='par_1_4' title="bbox 0 0 1088 3650">
     <span class='ocr_line' id='line_1_32' title="bbox 0 0 1088 3650; baseline 0 0"><span class='ocrx_word' id='word_1_183' title='bbox 0 0 1088 3650; x_wconf 95' lang='lat' dir='ltr'> </span> 
     </span>
    </p>
   </div>
  </div>
 </body>
</html>
