2100 3650
260 312 303 381 50
369 287 406 359 C.
436 290 585 360 Corn.
617 293 842 360 TAcrrr.

256 412 416 470 miscentur.
442 408 529 470 Unde
552 409 689 471 seditiosa
715 411 880 492 colloquia,
904 422 945 478 ec·

256 493 329 553 inter
346 513 473 574 paganos
488 494 643 572 corruptior
659 493 759 563 miles,
773 502 800 552 &
815 495 844 552 in
857 493 937 552 Ver·

245 575 367 658 yginium
382 573 464 633 fruor
475 619 487 643 ,
502 575 670 654 cuicumque
690 575 740 636 alii
763 574 935 654 profuturus

297 655 377 714 LIV.
397 655 516 718 Miserat
539 657 637 715 civitas
662 656 853 738 Lingonum,
878 677 934 715 ve·

258 755 314 796 tere
336 733 482 807 instituto,
502 733 579 795 dona
598 737 778 829 legionibus,
802 737 936 810 dextras,

256 815 375 898 hospitii
401 819 519 899 insigne.
538 818 641 900 Legati
661 838 783 890 eorum,
805 820 836 878 in
850 840 937 899 equa.

256 899 347 960 lorern
363 896 581 979 moestitiamque
596 901 770 980 compositi,
794 921 843 980 per
856 902 944 978 prin⁴¹

256 982 356 1060 cirria,
376 1001 423 1061 pet
441 981 646 1052 contubernia,
666 980 756 1041 modo
773 1004 840 1041 suas
859 982 937 1061 inju-

256 1063 317 1123 rias
329 1104 350 1134 ,-
366 1060 456 1121 modb
471 1064 617 1124 ciuitatum
629 1064 784 1124 vicinarum
797 1064 914 1136 premia
922 1108 952 1141 ,ι

257 1153 286 1208 δι
299 1145 350 1202 ubi
362 1145 457 1224 pronis
479 1144 610 1202 militum·
620 1146 733 1203 auribus
750 1144 935 1223 accipieban-

257 1245 321 1297 tur,
338 1227 426 1300 ipsius
445 1225 578 1284 exercitale
584 1227 707 1300 pericula
720 1223 746 1286 {e
757 1227 938 1286 contumelias

258 1327 489 1388 conquerentes,
513 1306 705 1368 accendebant
728 1308 849 1367 animos.
872 1303 936 1368 Nec

257 1390 356 1471 procul
374 1388 512 1448 seditione
532 1389 667 1459 aberant,
689 1410 778 1469 quum
799 1387 936 1448 Hordeo,

258 1469 447 1552 niuslflaccus
462 1467 537 1528 abire
552 1471 675 1548 legatos,
696 1489 782 1551 utque
796 1471 936 1530 occultior

191 1568 193 1572 '
259 1551 396 1634 digressus
416 1569 503 1620 essct,
519 1559 593 1612 nolle
605 1553 698 1632 castris
712 1555 834 1612 excedere
844 1553 938 1630 jubet.

258 1631 330 1694 Inde
352 1651 432 1692 atrox
455 1653 573 1704 rumor,
592 1631 808 1698 adfirmantibus
834 1633 936 1711 pletis-

259 1735 315 1796 que
342 1714 517 1792 interfectos,
537 1738 569 1782 ac
591 1716 651 1775 nisi
671 1716 730 1789 ipsi
745 1716 939 1788 consulerent,

251 1797 348 1878 fore,
373 1814 403 1859 nt
426 1798 552 1862 acerrimi
576 1798 718 1869 militnm,
744 1796 940 1871 &presentia

260 1880 410 1962 conquesti,
425 1901 475 1953 per
490 1879 635 1950 tenebras,
655 1876 683 1941 ll
704 1880 847 1943 inscitiam
866 1897 940 1939 cete-

262 1984 353 2021 rorum
368 1963 556 2024 occiderentur.
578 1959 694 2021 Obstrin
718 1981 799 2023 untur
818 1962 889 2021 inter
908 1982 939 2023 se

263 2044 351 2105 tacito
379 2040 482 2104 fodere
508 2042 643 2123 legiones.
668 1981 840 2109 Allsciscitur
857 2044 941 2102 auxi«

263 2124 368 2185 liorum
390 2124 488 2194 miles,
506 2121 599 2202 printb
618 2126 773 2203 suspeaus,
789 2144 941 2204 tamquam

264 2203 445 2265 circumdatis
476 2200 639 2271 cohortibus
664 2207 791 2286 alisque,
819 2207 942 2284 impetus

265 2288 298 2349 in
322 2286 447 2369 legiones
469 2307 626 2366 pararetur,
642 2308 711 2350 mox
731 2287 830 2349 eadem
852 2287 943 2348 acrius

267 2368 408 2441 volvens3
435 2367 562 2431 faciliore
588 2371 660 2431 inter
686 2370 778 2429 malos
804 2389 944 2431 consensu

266 2450 305 2513 ad
317 2450 421 2511 bellum
433 2498 444 2521 ,
458 2450 544 2533 quam
560 2453 590 2511 in
609 2471 677 2531 pace
693 2451 730 2511 ad
747 2450 943 2515 concordiam.

308 2533 373 2595 LV.
394 2532 538 2593 Inferioris
561 2552 656 2595 tamen
671 2533 833 2594 Germaniae
848 2534 945 2616 legio·

266 2637 316 2681 nes
336 2616 445 2675 solenni
462 2614 652 2675 Kalendarum
671 2616 866 2677 Januariarutn
890 2637 942 2676 sa·

268 2715 413 2758 eramento
430 2717 480 2777 pto
498 2696 594 2757 Galba
610 2697 738 2768 adacta,
752 2696 843 2757 multi
854 2718 943 2759 cunc·

268 2782 414 2853 tatione&
422 2780 488 2841 raris
497 2780 653 2865 primorum
661 2778 794 2843 ordinum
801 2776 944 2843 vocibus:
