2100 3650
266 327 333 396 272
372 305 425 375 ·ί’.
454 305 598 375 cortu.
630 308 811 377 Tacina
846 326 852 335 ·

262 425 362 507 legio,
388 432 416 485 δι
436 425 546 485 vallum
567 443 715 507 portasque
740 425 841 507 trepidi
861 444 951 509 pete-

264 506 344 565 bant.
362 504 409 564 lbi
419 506 570 584 plurimum
589 505 700 581 cladisp
716 510 864 569 cumulatae
877 531 950 569 cor-

264 587 382 673 poribus
403 585 484 647 fossat
506 610 515 643 t
535 608 586 647 nec
605 587 678 648 caede
695 606 805 648 tantum
828 598 858 649 &
876 592 949 651 vul-

265 667 399 738 neribus,
420 666 468 727 sed
486 667 586 739 ruini,
609 678 637 729 δι
658 669 713 729 suis
735 670 860 763 plerique
882 673 951 735 telis

265 747 403 823 interiere.
426 749 580 820 Victores,
602 748 715 809 coloniti
732 750 842 833 Aggrip
864 772 951 811 men-

264 829 340 903 sium
357 828 463 900 vitati,
479 826 552 905 nihil
570 850 661 890 cetero
679 832 710 891 in
729 832 827 891 itinere
844 772 951 893 iustiie

265 911 351 981 ausi,
385 910 534 973 Bonnense
568 913 698 993 proelium
728 912 900 979 excusabant
942 938 950 973 ε

266 1008 416 1074 tamquam
436 1013 505 1074 pace
519 992 628 1073 petiti,
649 990 798 1074 postquam
818 994 950 1077 negaba-

268 1092 333 1143 tur,
353 1074 467 1135 sibimet
487 1076 544 1153 ipsi
562 1074 774 1135 consuluissent.

307 1152 407 1215 xxl.
439 1154 566 1226 Civilis,
596 1155 718 1217 adventu
747 1174 949 1217 veteranarum
1037 1169 1038 1187 ²

265 1225 452 1307 cohortium,
480 1234 544 1314 justi
570 1242 629 1317 jam
659 1234 792 1296 exercitiis
821 1236 948 1311 dufior,

266 1317 318 1383 sed
335 1319 448 1378 consilii
470 1317 638 1400 ambiguus,
655 1327 683 1377 δι
704 1320 764 1377 vim
782 1317 950 1391 Romanam

269 1416 400 1478 reputans
411 1442 422 1469 ,
445 1402 561 1458 cunnos
583 1400 632 1480 qui
651 1398 789 1469 aderant,
809 1400 839 1457 in
860 1400 949 1460 verba

268 1478 438 1558 Vespasiani
465 1479 556 1560 adigit
579 1503 590 1537 ·:
615 1481 757 1560 mittitque
777 1480 889 1561 legatos
910 1478 950 1541 ad

269 1559 337 1620 duas
358 1560 507 1642 legiones,
522 1580 584 1640 quae
604 1561 693 1639 priore
714 1562 773 1619 acie
790 1561 894 1638 pulsae,
917 1562 950 1621 iu

268 1638 374 1699 Vetera
388 1638 474 1699 castra
491 1660 699 1710 concesserant,
718 1660 749 1699 ut
767 1642 839 1699 idem
855 1663 951 1701 sacra·

267 1742 386 1791 mentam
408 1722 578 1795 acciperent..
599 1720 734 1799 Redditur
760 1740 949 1801 responsum,

268 1827 351 1882 raeque
364 1804 531 1878 proditoris,
545 1824 626 1880 neque
643 1802 756 1884 hostium
774 1824 803 1862 se
820 1804 951 1864 consiliis

268 1888 321 1944 uti.
337 1887 408 1944 Esse
419 1885 476 1946 sibi
498 1884 644 1944 Vitelliam
652 1884 820 1958 principem,
832 1905 950 1961 proquo

263 1963 350 2045 fidem
365 1964 392 2026 ἃ
405 1989 483 2026 arma
494 1988 576 2042 usque
596 1968 634 2024 ad
648 1987 799 2040 supremum
818 1966 951 2039 spiritum

270 2066 419 2107 retenturos
442 2049 580 2122 :proinde
597 2046 711 2125 perfitga
728 2046 855 2106 Batavus
877 2045 952 2104 arbi-

270 2147 343 2187 trum
358 2150 445 2188 retum
459 2127 645 2186 &mnarum
655 2151 688 2189 tte
701 2145 809 2205 agerer,
826 2129 877 2186 sed
886 2149 949 2186 mt-

270 2210 342 2267 riras
359 2209 469 2268 sceleris
491 2231 587 2281 poenas
606 2215 778 2282 exspebiaret.
805 2206 877 2284 Quae
901 2207 953 2266 ubi

271 2287 359 2362 relata
373 2288 481 2359 Civili,
498 2289 625 2348 incensus
643 2288 704 2361 ira,
719 2289 877 2348 universam
889 2287 950 2347 Ba-

272 2389 404 2444 tavorum
441 2388 534 2428 entem
552 2370 585 2428 in
595 2389 674 2428 arma
690 2371 772 2448 rapit.
789 2369 952 2451 Juuguntur

270 2450 396 2511 Brutieri
454 2451 641 2532 enstetique,
670 2459 698 2510 δι
724 2451 813 2510 excita
841 2451 953 2509 nunciis

274 2531 450 2602 Germania,
473 2531 510 2591 ad
531 2531 652 2610 predam
670 2529 845 2610 famamque.

314 2611 411 2675 XXII.
434 2611 575 2672 Adversus
603 2609 654 2670 has
673 2611 742 2670 belli
763 2612 953 2672 concurrentis

274 2693 385 2763 minas,
404 2693 491 2774 legati
516 2693 684 2773 legionum,
707 2693 865 2751 Mummius
885 2691 950 2750 Lu·
980 2704 984 2714 '

273 2793 401 2856 percus,
438 2782 466 2834 δι
497 2773 644 2836 Numisius
678 2771 803 2846 Rufus,
841 2771 953 2835 vanum
