2100 3650
246 329 294 402 74
370 312 407 380 C.
437 311 585 383 Gonu.
616 315 802 383 Tacts!

245 433 461 502 commilitones,
477 455 559 511 neque
570 451 600 492 ut
613 434 734 494 animum
745 438 783 496 ad
793 435 926 498 uirtutem

246 516 420 575 cohortarer:
436 533 547 592 utraque
561 517 634 575 enim
644 516 746 596 egregii
755 537 900 592 supersunt
914 542 926 578 .·

246 601 297 658 sed
317 597 383 656 ueni
398 596 581 676 postulaturus
600 619 619 656 a
636 598 716 658 uobis
734 615 929 673 temperamen-

247 697 303 739 tum
315 677 406 758 vestra
416 677 595 754 ffirtitudinis
605 724 617 748 ,
639 675 746 758 &erga
763 681 804 738 net
818 683 928 740 modurn

246 759 383 818 caritatis.
414 757 556 818 Tumulttis
572 761 696 833 proximi
719 760 852 831 initium,
872 783 928 821 non

246 841 415 915 cupiditate,
439 840 488 900 vel
503 841 586 910 odio,
603 861 659 918 qua
675 841 775 900 multos
791 843 928 902 exercitus

246 923 277 982 in
303 922 466 980 discordiam
488 942 584 1000 cgere,
616 943 648 981 ac
675 943 709 980 ne
735 924 928 992 detrciiationc

246 1003 373 1081 quidem,
392 1019 441 1060 out
449 1001 602 1080 formidine
615 1004 796 1078 periculorum
812 1028 823 1061 .·
838 1006 929 1063 nimia

243 1087 337 1160 pietas
356 1085 463 1165 uctira,
490 1079 580 1145 acriis
606 1083 686 1161 quim
708 1085 927 1159 consideratius,

248 1165 393 1226 excitauit.
408 1165 485 1224 Nam
496 1187 566 1239 sance
576 1164 697 1247 honestas
712 1187 798 1224 retum
808 1187 927 1238 causas,

249 1249 282 1307 ni
303 1248 441 1327 judicium
457 1245 622 1317 'adhibeas,
652 1248 804 1320 perniciosi
835 1249 928 1308 exitus

249 1346 453 1404 consequuntur.
468 1329 545 1387 Imus
559 1331 597 1387 ad
612 1328 711 1388 bellum
726 1351 737 1386 .·
755 1349 819 1386 num
834 1350 929 1389 omnes

249 1409 364 1469 nuncios
373 1409 469 1482 palam
483 1410 575 1468 audiri
583 1456 594 1478 ,
608 1410 701 1468 onmia
716 1411 834 1468 consilia
847 1431 929 1468 cunc·

250 1492 290 1549 tis
306 1488 483 1564 pratentibus
504 1493 634 1561 uallari,
657 1490 730 1549 ratio
754 1511 859 1561 rerum,
880 1509 930 1551 aut

249 1572 421 1631 occasionum
438 1572 572 1631 velocitas
586 1573 724 1646 patitur?
748 1589 807 1630 tam
824 1575 930 1633 nescire

250 1654 370 1732 quadarn
379 1653 513 1724 milites,
530 1650 697 1730 quim-scire
711 1671 824 1727 oportet.
838 1654 886 1712 Ita
899 1677 931 1713 se

250 1739 346 1794 ducum
368 1735 533 1804 auctoritas,
551 1737 594 1794 sic
612 1736 688 1814 rigor
704 1735 858 1809 disciplina
880 1734 930 1794 ita-

253 1815 312 1888 bet,
329 1834 359 1875 ut
373 1817 459 1875 multa
474 1817 558 1876 etiam
576 1818 743 1876 centuriones
758 1815 931 1894 tribunosque

250 1896 358 1959 tantum
373 1898 465 1979 juberi
489 1899 624 1971 expediat.
649 1896 747 1956 Sicubi
756 1897 929 1979 jubeantur,

252 2002 364 2059 quarere
384 1980 502 2057 singuiis
519 1980 626 2051 liccam
641 1996 769 2054 percunte
785 1979 930 2056 obsequio,

252 2065 337 2122 ctiam
352 2061 493 2133 imperium
509 2061 658 2119 intercidit.
675 2059 724 2120 An
741 2056 840 2119 &illic
856 2068 932 2121 nocie

252 2142 408 2223 intempefld
430 2142 571 2216 rapientur
591 2145 695 2200 arma?
725 2162 795 2200 unus
824 2142 932 2203 alterve

249 2225 374 2300 perditus
387 2244 419 2281 ac
431 2222 592 2282 temulentus
620 2223 731 2301 (neque
751 2224 825 2280 enirn
837 2224 933 2296 piures

251 2305 463 2387 consttrnationc
486 2304 618 2378 proximi
642 2305 781 2364 insanisse
807 2305 932 2363 credide·

251 2390 308 2448 rim
316 2390 334 2466 )
356 2386 521 2445 centurionis
542 2407 575 2443 ac
595 2384 699 2444 tribuni
717 2387 851 2463 sanguine
871 2406 934 2444 ntae

255 2491 307 2530 nus
322 2467 423 2526 imbuet
435 2471 450 2534 ἓ
471 2467 646 2541 imperatoris
660 2468 709 2527 sui
722 2467 868 2529 samonam
886 2468 935 2527 irt-

256 2572 315 2611 runt
333 2553 383 2609 tt?

263 2682 265 2687 ,
297 2572 465 2691 LFXXXIV.
492 2628 938 2713 Vosquidemifludpromessed
1037 2557 1039 2625 i

258 2718 288 2775 in
307 2715 430 2773 discursu
446 2710 634 2782 octembris,
657 2708 685 2771 Θ
705 2732 793 2771 renum
812 2713 936 2769 omniurn

255 2795 430 2877 confusione,
439 2794 566 2873 patefieri
581 2794 688 2853 occasio
701 2794 786 2855 etiarn
800 2794 936 2856 adversas

1036 2841 1038 2894 i
