2100 3650
241 302 297 360 392
405 287 458 344 IN
488 285 680 345 ernnu
712 286 769 346 ΙΙ.

274 408 301 442 2.
313 387 443 462 Quirinum
454 393 595 456 scripsisset.
607 392 737 456 Quintil.
748 391 835 456 idjam
844 391 918 444 motis

238 476 308 525 erat,
318 465 421 514 ursolus
431 465 567 529 imperator
577 463 690 529 publici,
700 464 718 517 i.
730 480 753 516 e.
760 467 792 516 ad
802 469 918 518 consules

238 550 281 588 aut
293 537 322 586 ad
338 549 449 587 senatum
460 538 593 589 scriberet.
665 533 668 537 ’

276 610 344 662 LVI.
360 625 382 660 1.
391 609 465 659 Avidi
481 625 524 659 aut
538 609 641 663 venales·
653 611 827 678 suiipsorum
839 611 920 663 arari-

237 685 273 739 tiir
282 684 395 748 impulsi,
404 699 447 734 aut
455 685 485 733 ab
495 683 550 735 aliis
561 686 643 749 pretio
654 687 740 749 empti.

278 772 302 806 2.
312 755 372 806 Pius
387 756 532 807 ambitionis.
545 756 813 824 Eique-dissimulator
824 758 925 826 rapina·

239 846 292 880 rum
306 831 333 879 in
344 831 422 881 milite
435 863 442 890 ,
453 829 524 894 cujus
539 831 640 898 gratiam
652 833 776 898 captabat.

278 903 358 956 tvtt.
376 919 398 955 1.
418 907 478 954 cura
493 907 559 971 πέμ.
573 904 671 970 Nempe
689 906 789 967 Rheni,
806 921 841 955 ne
859 905 929 958 Ger·

239 975 304 1026 mani
320 977 464 1027 transirent.

278 1066 305 1100 2.
317 1048 464 1112 inhonestam
475 1051 638 1099 adulationem
649 1054 790 1117 compescit.
806 1050 845 1101 ita
860 1050 931 1102 Flor.

207 1151 217 1167 x
240 1121 350 1190 Regius,
361 1123 387 1173 &
403 1123 463 1174 editi
474 1135 533 1173 ante
545 1120 709 1184 Rhemum,
722 1125 766 1189 qui
783 1127 858 1175 nulio
871 1143 932 1200 mic*

241 1208 298 1247 tore
315 1197 383 1246 dedit
398 1199 549 1260 compescuit.
653 1218 657 1222 “

281 1269 347 1322 le.
374 1287 396 1321 ι.
414 1269 493 1320 Nullo
506 1270 638 1338 principali
654 1285 751 1335 paratu.
769 1270 878 1322 Minime
896 1287 930 1322 eo

244 1355 382 1410 apparatu,
402 1345 441 1408 qui
458 1345 593 1408 principem
611 1345 723 1394 deceret.

281 1431 310 1470 2.
319 1415 358 1466 Eo
370 1419 423 1482 ipso
434 1419 550 1484 ingratus.
564 1416 642 1481 Quid
653 1416 748 1467 scilicet
759 1434 792 1467 eo
806 1419 928 1468 comitatu

241 1489 338 1538 liberali
355 1485 541 1554 &splendido,
559 1489 692 1558 egestatem
706 1491 815 1544 Vitettio
832 1507 930 1558 expro-

241 1565 312 1616 brare
327 1563 464 1613 videretur.

278 1651 303 1701 3.
312 1633 350 1704 [In
366 1637 481 1686 salarium
497 1639 577 1686 cessit.
588 1635 672 1700 Quum
680 1635 778 1703 imperii
790 1637 926 1689 decoratus

241 1709 380 1777 insignibus
391 1748 398 1774 ‚
411 1709 495 1776 paulli>
512 1707 582 1776 pist,
597 1709 670 1777 jussu
682 1709 817 1771 Muciani,
830 1711 927 1761 interii·

241 1795 352 1838 teretur.

279 1856 333 1909 Lx.
347 1872 372 1909 1.
382 1855 462 1906 Fidem
474 1854 589 1907 absolvit.
600 1858 685 1923 Quum
693 1861 758 1909 enim
767 1860 830 1909 falsa
839 1868 930 1911 essent-

242 1948 296 1997 quae
306 1932 336 1981 de
347 1948 389 1980 sua
401 1932 425 1979 in
437 1930 567 1981 Othonem
579 1932 680 1995 perfidia
697 1933 805 1984 Vitellio
818 1938 927 1999 imputa·

243 2004 317 2063 bant,
331 2004 357 2055 ἀ
370 2004 462 2069 apponi
480 2005 527 2055 sibi
544 2006 631 2072 gmtiae
645 2007 784 2068 volebant,
804 2006 926 2057 vitentur

241 2078 338 2129 veniam
355 2078 535 2134 concedendo,
551 2094 638 2127 verum
653 2079 683 2129 iis
695 2078 753 2129 fidei
766 2096 825 2146 erga
840 2079 930 2129 Otho-

207 2155 209 2164 ‘
239 2166 300 2203 nem
312 2152 455 2201 remittebat
466 2152 575 2209 crimen,
586 2168 636 2218 quo
647 2154 740 2203 nulium
752 2154 851 2219 gravius
859 2153 928 2202 inter

243 2223 425 2279 desciscentes.
440 2236 469 2273 ut
480 2226 515 2273 ait
525 2224 586 2274 Hist.
601 2242 632 2286 1,
647 2238 689 2288 59.

284 2314 309 2348 2.
327 2294 476 2347 Trachalum.
491 2296 639 2358 Galerium,
651 2298 683 2347 de
696 2315 749 2365 quo
762 2297 823 2349 Hit.
838 2314 849 2347 ι
861 2332 869 2357 ,
880 2312 926 2361 90.¹

245 2370 281 2421 Ex
301 2370 373 2433 huius
393 2371 491 2421 nomine
510 2370 637 2436 conjicere
650 2373 709 2420 licet
726 2371 805 2422 fuisse
820 2374 927 2437 aliquam

245 2445 455 2511 propinquitatem
466 2446 545 2510 ipsum
557 2444 622 2494 inter
638 2445 664 2495 ὃ(
681 2443 804 2495 Galeriam
820 2460 927 2495 uxorem

196 2533 198 2538 ·
246 2516 355 2568 Vitellii.

284 2590 363 2642 LXII.
378 2606 400 2643 1.
418 2588 456 2639 Ab
473 2604 568 2657 utroque
582 2594 651 2642 mari.
667 2590 764 2658 Supero
778 2608 824 2641 seu
838 2590 928 2641 Adria·

246 2662 313 2721 tito,
332 2664 357 2713 ὃ(
377 2663 455 2714 infero
471 2682 517 2714 seu
536 2666 680 2729 Tyrrheno.

284 2754 309 2789 2.
328 2734 395 2787 Ludo
414 2738 436 2788 ti·
452 2739 531 2791 arenci.
551 2736 690 2807 Disciplini
706 2737 732 2791 &
750 2735 927 2789 certaminibus
