2100 3650
21 310 23 315 Ι
97 349 100 354 ’
184 350 779 443 unronnnnnzn.1V.317

103 490 153 555 per
171 472 282 534 Gallias
301 473 430 545 edixere,
457 493 487 533 ur
510 476 606 535 missis
631 474 732 555 legatis
752 474 783 535 in

103 576 243 613 commuue
259 554 444 615 consultarent
451 600 462 626 ,
479 554 592 615 libertas
607 579 710 632 anpax
720 555 785 631 pla·

103 654 183 695 caret.

112 712 115 720 '
144 714 284 777 LXVIII.
308 716 347 776 At
367 716 466 777 Romae
488 720 589 778 cundia
610 719 640 777 in
663 716 786 778 deterius

104 798 201 857 audita
220 798 388 859 Mucianum
412 800 576 881 angebant,
599 820 658 869 ne,
683 819 786 881 quam·

123 896 192 938 uam
216 881 323 963 egregii
346 880 430 940 duces
458 886 547 960 (jam
566 882 643 940 enim
665 880 785 941 Gallum

103 900 254 1032 inuium,
272 971 299 1022 &
312 960 444 1021 Petiliam
463 962 607 1023 Cerialem
620 961 682 1022 dele
703 970 785 1038 erat)

106 1060 250 1101 summam
270 1042 339 1103 belli
359 1062 457 1123 parum
479 1044 638 1103 tolerarent.
658 982 722 1103 blec
740 1063 788 1101 re·

106 1122 260 1203 linquenda
281 1124 345 1183 urbs
361 1124 420 1183 sine
440 1127 554 1184 restore.
570 1125 609 1184 Et
623 1124 788 1185 Domitiani

107 1202 254 1263 indomita
272 1203 403 1265 libidines
424 1205 616 1277 timebantur3
633 1207 787 1285 suspediis,

109 1286 150 1343 uti
175 1284 318 1356 dirImus,
342 1286 440 1345 Primo
469 1286 618 1358 Antonio,
651 1286 789 1367 Varoque

110 1367 203 1429 Anio.
222 1367 316 1426 Varus
336 1367 507 1447 praetorianis
529 1369 710 1447 praepositus,
727 1369 788 1427 vim

109 1466 195 1529 atque
209 1468 287 1509 arma
301 1448 447 1508 retinebat.
459 1447 535 1509 Eum
547 1448 716 1519 Mucianus,
729 1449 792 1527 pul-

110 1550 172 1589 sum
187 1528 269 1599 loco,
289 1549 325 1588 ne
342 1530 400 1589 sine
420 1530 522 1589 solatio
542 1548 656 1612 ageret,
669 1550 792 1590 annonae

111 1608 242 1749 praefecit.
261 1610 359 1692 thue
372 1610 535 1671 Domitiani
546 1613 694 1681 animum,
707 1612 790 1669 Varo

134 1690 189 1751 aud
209 1690 350 1761 alienum,
372 1691 515 1763 deliniret3
532 1694 693 1751 Arretinum
714 1690 789 1751 Cle-

112 1792 262 1842 mentem,
283 1772 381 1834 domui
406 1774 576 1853 Vespasiani
598 1792 645 1852 per
662 1772 789 1833 affinita-

112 1873 170 1922 tem
186 1857 335 1926 innexum,
353 1864 382 1916 1&
399 1855 770 1939 gratissimumDomitiano
779 1899 791 1927 ,

112 1938 286 2019 praetorianis
310 1957 477 2018 praeposurt,
504 1954 613 2010 patrem
638 1937 716 2016 ejus,
742 1935 793 1994 sub

116 2021 182 2080 Caio
198 2021 319 2089 Caesare,
332 2017 433 2097 egregii
439 2019 565 2096 fundum
578 2017 610 2075 ed
623 2017 688 2075 curi
702 2014 791 2076 dicii-

114 2119 184 2160 tans.
203 2099 306 2160 Latum
326 2099 460 2158 militibus
477 2101 549 2174 idem
569 2120 664 2157 nomn
683 2120 694 2156 .·
713 2116 793 2176 atque

113 2183 226 2256 ipsum,
255 2203 414 2258 quamquam
443 2181 577 2240 mauturii
604 2181 730 2251 ordinis,
758 2181 797 2241 ad

114 2282 226 2340 utraque
239 2264 340 2320 'munia
363 2262 489 2341 sufficere.
513 2263 702 2321 Assumuntur
720 2281 735 2320 e
757 2263 797 2319 ci·

114 2346 203 2402 vitate
222 2343 389 2403 clarissimus
426 2343 545 2422 uisque3
564 2351 591 2402 δι
606 2342 655 2400 alii
672 2361 719 2420 per
734 2362 795 2400 arn·

115 2423 266 2484 bitionem.
294 2425 385 2484 Simul
440 2425 594 2483 omitianus
622 2422 793 2481 Mucianus-

116 2527 170 2588 que
197 2505 437 2588 accingebantur,
462 2504 567 2585 dispari
591 2505 716 2562 animo:
743 2503 794 2563 ille

115 2608 164 2666 spe
186 2609 221 2647 ac
242 2585 355 2664 juventi
377 2605 527 2666 properus3
549 2583 595 2642 hic
615 2605 709 2643 moras
729 2605 799 2643 nec,
834 2651 837 2657 ¹

116 2687 197 2739 tens,
222 2669 285 2748 quis
305 2669 471 2750 flagrantem
489 2668 640 2737 retineret,
659 2686 695 2725 ne
715 2665 795 2726 fero·

118 2749 162 2806 eid
188 2750 299 2819 aetatis,
334 2758 361 2810 dc
394 2751 485 2830 pravis
514 2748 744 2828 impulsoribus,
772 2747 797 2806 si
847 2752 851 2759 ’

118 2832 268 2892 exercitum
291 2831 456 2904 invasisset,
479 2832 542 2914 paci
562 2829 695 2971 begopue
719 2828 798 2889 male

644 2930 675 2989 ιι]
