2100 3650
198 289 514 360 ursronmevn
532 289 618 358 er.
643 291 694 358 ΙΙ.
725 313 789 376 129

107 412 198 472 venia
213 409 309 470 statim
331 411 499 487 impetrata,
518 409 740 471 concedentibus
758 410 796 473 ad

109 496 274 563 vidorem,
297 512 345 572 per
360 491 491 550 flavium
510 492 670 564 Sabinum,
692 495 727 553 Iis
743 515 794 553 co-

110 576 188 654 piis,
213 575 316 654 quibus
341 571 495 653 praefuerat.

116 690 121 699 ·
152 655 219 716 LII.
244 655 342 715 Posito
361 655 467 736 ubique
489 655 585 726 bello,
608 675 713 740 magna
730 675 794 736 pars

108 735 224 797 senatus
251 756 407 796 extremum
435 737 584 796 discrimen
607 737 696 808 adiit,
721 757 792 816 pro-

108 818 187 879 fecta
208 839 273 878 cum
295 816 414 878 Othone
430 819 467 877 ab
483 819 568 890 urbe,
590 818 656 880 dein
673 819 796 882 Mutinae

107 901 209 961 relicta
230 923 237 956 z
255 900 322 959 illuc
338 900 455 960 adverso
471 900 507 959 de
526 901 625 980 proelio
643 901 760 961 allatum
782 926 795 960 :-

109 981 160 1055 sed
181 982 308 1052 milites,
330 1001 361 1041 ut
383 981 484 1041 falsum
508 1003 648 1042 rumorem
673 983 792 1062 adsper-

110 1083 235 1134 nantes,
256 1062 336 1146 qubd
355 1063 499 1124 infensum
525 1061 638 1124 Othoni
663 1083 794 1124 senatum

109 1145 343 1213 arbitrabantur,
369 1143 505 1204 cttliodire
531 1165 700 1217 sermones,
730 1147 795 1204 vul-

109 1243 176 1286 tum
194 1225 380 1324 habitumque
393 1225 501 1286 trahere
520 1230 550 1284 in
566 1226 704 1286 deterius:
719 1247 793 1288 con-

108 1310 196 1369 viciis
212 1306 353 1388 postremo
371 1327 404 1366 ac
421 1309 529 1387 probris
552 1327 666 1367 causam
685 1317 712 1367 &
732 1308 792 1368 ini-

110 1392 188 1449 tium
200 1389 283 1448 caedis
296 1389 457 1468 quaer'ebant
474 1409 582 1468 :quum
596 1390 666 1448 alius
684 1391 795 1470 insuper

102 1469 207 1531 ¹metus
230 1470 406 1532 senatoribus
428 1468 558 1541 instaret,
581 1491 615 1530 ne
638 1472 796 1552 praevalidis

111 1559 174 1634 jam
189 1553 303 1618 Vitellii
319 1553 463 1631 partibus,
479 1555 640 1612 cunctanter
656 1555 797 1632 excepisse

112 1636 267 1695 vicioriatm
280 1632 452 1693 crederentur
466 1657 474 1689 t
489 1635 529 1694 ita
542 1633 642 1713 trepidi
656 1643 683 1693 &
697 1636 796 1692 utnm·

113 1738 171 1797 que
197 1718 274 1776 auxii
302 1734 424 1784 coeunt3
445 1735 531 1774 nemo
553 1717 685 1795 privatim
705 1735 793 1794 expe-

114 1800 178 1859 dito
197 1797 339 1868 consilio,
354 1798 426 1857 inter
444 1797 547 1855 multos
564 1798 696 1856 societate
708 1797 796 1877 culpae

114 1884 213 1941 tutior.
244 1879 392 1939 Onerabat
421 1880 585 1957 paventium
615 1898 693 1936 curas
724 1877 798 1953 ordo

113 1962 305 2031 Mutinensis,
325 1982 404 2019 arma
423 1956 609 2034 &pecuniam
629 1955 775 2019 offerendo
783 2006 798 2032 ,.

113 2044 332 2123 appellabatque
353 2042 453 2101 Patres
477 2044 670 2115 contemptos,
692 2042 797 2102 intem-

113 2124 225 2207 pestiuo
242 2120 357 2183 honore.

157 2206 238 2265 LIII.
259 2205 396 2266 Notabile
415 2203 480 2265 inde
499 2205 621 2287 jurgium
645 2202 720 2276 fuit,
737 2226 797 2287 quo

114 2287 246 2347 Licinius
267 2286 383 2348 Caecina
410 2286 580 2346 Marcellum
599 2286 741 2365 Eprium,
765 2306 797 2347 ut

114 2370 246 2447 ambigua
269 2369 603 2438 disserenteminvasit.
626 2366 688 2427 Nec
713 2371 798 2428 ceteri

116 2452 271 2511 sententias
282 2451 444 2530 aperiebant
459 2472 466 2505 :
481 2448 529 2507 sed
542 2450 664 2507 invisum
678 2470 797 2509 memo-

116 2531 160 2592 riu
192 2527 388 2603 delationum,
417 2532 630 2611 expositumque
657 2530 692 2589 ad
722 2532 798 2591 invi·

116 2615 197 2675 diam
221 2614 352 2673 Marcelli
376 2632 507 2682 nomen,
528 2613 681 2672 irritaverat
703 2612 798 2673 Caeci-

115 2717 203 2767 uam,
220 2714 252 2755 ut
273 2716 362 2754 novus
379 2691 488 2764 adhuc,
509 2700 536 2751 δι
553 2693 582 2751 in
598 2713 725 2753 senatum
742 2716 797 2755 nu-

114 2798 165 2859 per
177 2776 319 2847 adscitus,
332 2778 445 2860 magnis
455 2775 614 2837 inimicitiis
614 2777 798 2914 lplarescerett

657 2878 676 2917 t
