2100 3650
251 333 293 394 28
368 327 404 398 C.
434 325 577 398 Gonu.
608 330 787 398 YAcrrr

248 447 351 529 viginti
362 446 545 526 speculatores
554 448 758 507 consalutatum
769 450 923 523 imperatoo'

247 549 303 590 rem
316 575 328 599 ,
346 549 379 586 ac
397 529 536 606 paucitate
558 526 744 588 salutantium·
759 530 898 610 trepidum
910 578 923 604 ,

246 616 275 671 δι
289 607 361 668 sellae
379 607 539 668 festinanter
550 611 734 690 impositum,
750 608 848 670 stridiis
858 634 924 672 mu,

247 689 378 748 cronibus
398 692 516 770 rapiunt.
538 689 677 750 Totidem
703 691 790 751 ferme
817 694 922 753 milites

246 771 278 830 in
308 771 405 829 itinere
426 790 634 855 aggregantur,
655 773 705 832 alii
730 770 923 845 conscientiis,

246 851 373 934 plerique
393 853 557 924 miratu103
583 873 644 932 pars
674 853 796 912 clamore
817 863 845 913 &
864 856 925 938 gla-

248 931 325 1003 diis,
356 955 416 1013 pars
449 934 579 1009 silentio,
602 936 730 995 animum
761 956 794 1002 ex
820 955 925 997 eventu

249 1011 395 1092 sumpturi.
696 1084 700 1092 ¹

289 1094 431 1155 XXVIII.
461 1097 620 1156 Stationem
644 1098 675 1156 in
694 1094 792 1156 ¹castris
819 1095 925 1179 agebat

249 1174 339 1236 Julius
354 1177 495 1236 Martialis
516 1177 650 1242 tribunus,
671 1177 713 1249 Is,
726 1177 925 1260 magnitudine

248 1254 336 1322 subiti
359 1255 490 1328 sceleris,
509 1280 547 1318 an
563 1277 690 1338 corrupta
707 1256 789 1318 latitis
813 1257 924 1329 castra,

249 1358 302 1410 ac,
321 1339 344 1400 si
365 1337 461 1401 contri
482 1338 625 1409 tenderet,
641 1339 757 1398 exitium
775 1358 924 1413 metuens,

250 1418 367 1499 praebuit
394 1417 530 1499 plerisque
559 1416 745 1500 suspitionem
766 1417 924 1481 'conscien-

250 1501 306 1564 tiae.
335 1498 525 1579 An‘teposuere
549 1501 631 1559 ceteri
656 1506 769 1582 quoque
792 1502 926 1580 tribuni,

251 1583 506 1662 centurionesque,
529 1583 671 1661 praesentia
690 1581 801 1654 dubiis,
822 1591 850 1641 ἃ
870 1579 927 1642 ho-

252 1659 343 1722 nestis.
370 1659 453 1743 Isque
478 1659 590 1721 habitus
617 1664 777 1721 animorum
798 1661 873 1734 fuit,
894 1683 927 1723 ut

252 1744 403 1824 pessimum
422 1741 530 1803 facinus
553 1741 685 1803 auderent
708 1745 811 1824 pauci,
835 1744 928 1824 plures

253 1823 377 1895 vellent,
402 1846 500 1886 omnes
522 1844 687 1905 paterentur.

294 1906 406 1973 XXIX.
422 1907 540 1991 Ignarus
552 1909 662 1966 interim
684 1906 804 1977 Galba,
826 1915 854 1967 dt
874 1904 926 1967 sa·

255 1990 308 2051 cris
323 1989 461 2060 intentus,
483 1988 622 2070 fatigabat
639 1989 724 2048 alieni
738 1993 796 2067 jam
813 1989 928 2067 impedi

255 2070 325 2128 deos
340 2092 345 2125 ι
359 2089 446 2149 quum
462 2066 574 2129 affertur
586 2090 696 2139 rumor,
712 2072 773 2143 rapi
782 2070 812 2126 in
824 2072 925 2150 castra,

255 2154 386 2213 incertum
398 2171 473 2226 quem
484 2168 654 2223 senatorem
672 2173 736 2208 mox
748 2196 759 2221 ,
789 2149 928 2209 Othonem

256 2254 332 2300 esse,
353 2231 400 2307 qui
413 2250 551 2305 raperetur
561 2254 572 2289 .·
582 2230 666 2291 simul
678 2251 711 2289 ex
725 2250 784 2289 tota
798 2230 884 2300 urbe,
895 2249 928 2290 ut

185 2340 187 2349 ’
256 2310 375 2394 quisque
408 2312 507 2371 obvius
537 2311 626 2371 fuerat
638 2334 649 2382 3
674 2312 723 2370 alii
742 2310 929 2371 formidinem

256 2414 411 2479 augentes,
431 2393 546 2475 quidam
566 2395 676 2451 minora
696 2412 784 2462 vero,
808 2412 844 2450 ne
864 2410 928 2453 tum

257 2478 372 2562 quidem
394 2475 477 2535 obliti
497 2473 784 2569 adulationisplgiittu
808 2469 948 2531 consul-'
1023 2471 1024 2480 ’

258 2558 381 2627 tentibus
400 2556 519 2637 placuit,
537 2573 688 2629 pertentari
702 2576 822 2617 mantum
834 2553 929 2612 cohor-

260 2645 299 2705 tis
311 2688 322 2710 ,
339 2660 395 2716 quae
412 2641 442 2696 in
460 2637 569 2710 palatio
580 2637 726 2716 stationem
743 2634 838 2712 agebat
845 2657 859 2706 ,·
879 2657 930 2693 nee

254 2724 407 2801 peripsum
425 2716 561 2787 Galbam,
574 2717 648 2797 cujus
663 2719 768 2793 integra
780 2718 929 2774 autoritas

259 2802 408 2886 majoribus
433 2800 557 2861 renudiis
583 2797 751 2864 seruabatur.
780 2793 846 2855 Piso
875 2816 928 2876 pro
