2100 3650
178 318 479 393 Hirrortranuu
502 319 587 392 lrn.
612 317 661 390 ΙΙ.
703 341 765 406 103

116 434 166 500 insi
174 443 350 524 gravabantur
364 465 371 499 ε
384 442 468 502 insiti
478 442 644 502 mortalibus
657 435 772 514 narmi,

115 541 238 582 recentem
257 526 376 583 aliorum
395 522 559 583 felicitatem
584 525 663 608 aegris
683 524 774 583 oculis

116 601 295 695 introspicere,
316 604 490 686 modumque
512 603 629 664 fortuna!
650 625 667 663 a
688 605 772 665 nullis

116 702 196 765 magis
212 687 333 768 exigere,
348 683 434 766 quim
445 707 516 768 quos
531 688 561 744 in
575 701 655 766 aequo
665 686 769 746 videre.

115 762 217 824 Caecina
225 767 331 826 Padum
341 785 540 850 transgressus,
554 765 661 826 tentati
673 765 772 827 otho-

115 846 247 905 nianorum
278 846 335 907 fide
360 867 408 927 per
440 848 615 928 colloquium
645 857 672 908 &
699 869 770 929 pro-

115 927 206 995 missa,
228 928 326 989 iisdem
347 930 467 1009 petitus,
491 926 640 1008 postquam
665 949 720 1008 pax
745 937 772 990 Bc

114 1008 248 1068 concordia
274 1010 406 1090 speciosis
435 1019 463 1069 ει
491 1011 581 1068 inritis
608 1009 773 1070 nominibus

113 1091 205 1165 jamra
223 1107 309 1161 sunt,
332 1091 449 1150 consilia
476 1109 609 1171 curasque
631 1091 660 1149 in
680 1109 774 1171 oppu-

113 1171 262 1250 gnationem
288 1172 436 1231 Placentia
458 1193 506 1230 ma
547 1192 566 1230 o
584 1189 685 1230 terrore
704 1187 771 1230 ver-

113 1251 144 1307 tit
164 1274 170 1307 ε
190 1273 305 1335 gnarus,
323 1272 356 1312 ut
373 1254 456 1312 initia
475 1253 511 1311 be
536 1253 541 1264 '
562 1253 772 1334 provenissent,

112 1328 209 1392 famam
225 1336 255 1394 in
271 1353 364 1394 cetera
382 1331 452 1394 fore.

147 1411 221 1475 XXI.
242 1415 300 1476 Sed
317 1417 421 1496 primus
442 1415 523 1487 dies,
542 1412 648 1496 impetu
664 1416 773 1498 magis,

111 1491 188 1573 quim
207 1499 332 1556 veterani
354 1494 487 1556 exercitis
508 1497 634 1566 artibus,
652 1515 774 1555 transac-

114 1591 167 1636 tust
182 1580 265 1656 aperti
277 1579 440 1659 incautique
455 1597 550 1636 muros
567 1578 692 1649 subiere,
707 1577 774 1636 cibo

114 1656 222 1737 vinoque
254 1679 416 1742 praegraves.
448 1657 483 1717 In
517 1677 552 1717 eo
586 1660 773 1730 certamine,

109 1735 316 1814 'pulcherrimum
341 1737 542 1819 amphitheatri
567 1757 658 1819 opus,
687 1741 775 1799 situm

113 1836 178 1879 extra
199 1840 316 1893 muros,
341 1819 526 1904 conflagravit
546 1842 554 1877 r
576 1821 634 1881 sive
654 1819 692 1881 ab
711 1834 774 1900 ‘op-

113 1904 303 1982 pugnatoribus
325 1906 492 1973 inccns'um,
529 1900 598 1961 dum
624 1900 720 1972 faces,
747 1910 776 1964 tt
848 1910 853 1921 '

113 1980 235 2061 glandes,
258 1995 289 2046 δι
312 1985 449 2045 missilem
469 1986 566 2067 ignem
594 1985 624 2043 in
648 1984 776 2044 obsessos

113 2064 274 2138 iaculantum
299 2068 356 2125 sive
383 2067 420 2126 ab
441 2066 578 2135 obsessis,
599 2063 666 2124 dum
688 2082 774 2148 tege-

109 2159 174 2204 fflnt.
190 2146 366 2227 Municipale
383 2147 504 2229 vulgus,
523 2164 643 2225 pronum
659 2144 696 2206 ad
715 2166 776 2207 sus·

110 2225 243 2300 ‚picioues,
261 2227 360 2289 fraude
380 2229 457 2287 illata
475 2228 550 2304 ignis
567 2226 701 2287 alimenta
720 2248 776 2286 cre·

110 2302 177 2365 didit
186 2308 377 2389 aquibusdam
388 2304 513 2367 evicinis
523 2308 658 2379 coloniis,
666 2306 776 2367 invidia

113 2390 340 2460 aemulatione,
357 2386 435 2470 qubd
452 2388 529 2448 nulla
543 2390 572 2446 in
587 2388 668 2448 Italia
685 2387 776 2447 moles

113 2482 165 2525 tam
179 2491 266 2550 capax
279 2470 352 2530 foret
362 2494 371 2528 t
383 2488 562 2551 quocumque
576 2488 641 2528 casu
654 2468 776 2539 accidit,

109 2545 172 2614 ,dum
192 2554 331 2611 atrociora
357 2551 573 2620 metuebantur,
596 2551 626 2609 iu
648 2549 702 2610 levi
718 2546 774 2609 ba-

112 2624 195 2689 bitnm
211 2655 217 2689 ι
233 2630 343 2692 redditi
359 2633 520 2701 securitate,
537 2650 684 2712 tamquam
704 2628 776 2691 nibil

112 2712 213 2789 gravius
235 2715 295 2792 pati
311 2715 479 2792 potuissent,
500 2713 665 2772 moetebant.
683 2710 774 2772 Cete-

112 2788 165 2861 ssim
178 2795 271 2855 multo
283 2814 396 2860 suorum
415 2814 510 2855 cruore
528 2794 627 2875 pulsus
636 2792 752 2855 Caecina
767 2814 775 2852 r

581 2870 703 2967 Erv-
