<?xml version="1.0" encoding="UTF-8"?>
<!DOCTYPE html PUBLIC "-//W3C//DTD XHTML 1.0 Transitional//EN"
    "http://www.w3.org/TR/xhtml1/DTD/xhtml1-transitional.dtd">
<html xmlns="http://www.w3.org/1999/xhtml" xml:lang="en" lang="en">
 <head>
  <title>
</title>
<meta http-equiv="Content-Type" content="text/html;charset=utf-8" />
  <meta name='ocr-system' content='tesseract 3.04.00' />
  <meta name='ocr-capabilities' content='ocr_page ocr_carea ocr_par ocr_line ocrx_word'/>
</head>
<body>
  <div class='ocr_page' id='page_1' title='image "./ccorneliitaciti00lallgoog_0444.png"; bbox 0 0 2100 3650; ppageno 0'>
   <div class='ocr_carea' id='block_1_1' title="bbox 249 305 747 386">
    <p class='ocr_par' dir='ltr' id='par_1_1' title="bbox 249 305 747 386">
     <span class='ocr_line' id='line_1_1' title="bbox 249 305 747 386; baseline -0.01 -17"><span class='ocrx_word' id='word_1_1' title='bbox 249 319 312 386; x_wconf 68' lang='lat'>436</span> <span class='ocrx_word' id='word_1_2' title='bbox 440 309 489 368; x_wconf 77' lang='grc' dir='ltr'>ΙΝ</span> <span class='ocrx_word' id='word_1_3' title='bbox 509 308 680 366; x_wconf 71' lang='lat' dir='ltr'>Lunum</span> <span class='ocrx_word' id='word_1_4' title='bbox 708 305 747 364; x_wconf 84' lang='lat' dir='ltr'>V.</span> 
     </span>
    </p>
   </div>
   <div class='ocr_carea' id='block_1_2' title="bbox 243 409 941 2466">
    <p class='ocr_par' dir='ltr' id='par_1_2' title="bbox 248 409 941 626">
     <span class='ocr_line' id='line_1_2' title="bbox 248 409 941 483; baseline -0.004 -16"><span class='ocrx_word' id='word_1_5' title='bbox 248 434 268 466; x_wconf 77' lang='grc' dir='ltr'><strong>ο</strong></span> <span class='ocrx_word' id='word_1_6' title='bbox 278 414 363 466; x_wconf 89' lang='lat' dir='ltr'>codice</span> <span class='ocrx_word' id='word_1_7' title='bbox 376 414 506 483; x_wconf 83' lang='lat' dir='ltr'>Ryekiano</span> <span class='ocrx_word' id='word_1_8' title='bbox 517 413 664 464; x_wconf 82' lang='lat' dir='ltr'>&amp;editione</span> <span class='ocrx_word' id='word_1_9' title='bbox 677 413 754 477; x_wconf 84' lang='lat' dir='ltr'>prima</span> <span class='ocrx_word' id='word_1_10' title='bbox 765 409 902 470; x_wconf 81' lang='lat' dir='ltr'>Ernestus,</span> <span class='ocrx_word' id='word_1_11' title='bbox 913 410 941 464; x_wconf 71' lang='lat' dir='ltr'>bt</span> 
     </span>
     <span class='ocr_line' id='line_1_3' title="bbox 249 486 941 552; baseline -0.01 -10"><span class='ocrx_word' id='word_1_12' title='bbox 249 492 320 542; x_wconf 81' lang='lat' dir='ltr'>favet</span> <span class='ocrx_word' id='word_1_13' title='bbox 331 489 410 540; x_wconf 84' lang='lat' dir='ltr'>codex</span> <span class='ocrx_word' id='word_1_14' title='bbox 419 487 506 539; x_wconf 81' lang='lat' dir='ltr'>Guelf.</span> <span class='ocrx_word' id='word_1_15' title='bbox 516 488 541 536; x_wconf 89' lang='lat' dir='ltr'>in</span> <span class='ocrx_word' id='word_1_16' title='bbox 551 504 599 552; x_wconf 84' lang='lat' dir='ltr'>quo</span> <span class='ocrx_word' id='word_1_17' title='bbox 608 486 721 535; x_wconf 82' lang='lat' dir='ltr'>scribitur</span> <span class='ocrx_word' id='word_1_18' title='bbox 731 487 838 534; x_wconf 86' lang='lat' dir='ltr'>modicis</span> <span class='ocrx_word' id='word_1_19' title='bbox 850 486 921 536; x_wconf 75' lang='lat' dir='ltr'>uillis</span> <span class='ocrx_word' id='word_1_20' title='bbox 931 523 941 550; x_wconf 87' lang='lat'>‚</span> 
     </span>
     <span class='ocr_line' id='line_1_4' title="bbox 250 559 716 626; baseline -0.013 -12"><span class='ocrx_word' id='word_1_21' title='bbox 250 579 298 615; x_wconf 78' lang='lat' dir='ltr'>nec</span> <span class='ocrx_word' id='word_1_22' title='bbox 318 564 413 612; x_wconf 81' lang='lat' dir='ltr'>additur</span> <span class='ocrx_word' id='word_1_23' title='bbox 433 561 520 610; x_wconf 70' lang='lat' dir='ltr'>Civilis</span> <span class='ocrx_word' id='word_1_24' title='bbox 538 559 591 626; x_wconf 79' lang='lat' dir='ltr'>post</span> <span class='ocrx_word' id='word_1_25' title='bbox 608 561 716 626; x_wconf 82' lang='lat' dir='ltr'>quadrip.</span> 
     </span>
    </p>

    <p class='ocr_par' dir='ltr' id='par_1_3' title="bbox 251 631 940 774">
     <span class='ocr_line' id='line_1_5' title="bbox 289 631 939 702; baseline -0.003 -17"><span class='ocrx_word' id='word_1_26' title='bbox 289 654 314 686; x_wconf 88' lang='lat'>2.</span> <span class='ocrx_word' id='word_1_27' title='bbox 334 635 449 702; x_wconf 79' lang='lat' dir='ltr'>Rumpere</span> <span class='ocrx_word' id='word_1_28' title='bbox 456 651 561 700; x_wconf 78' lang='lat' dir='ltr'>pontem.</span> <span class='ocrx_word' id='word_1_29' title='bbox 574 633 610 682; x_wconf 79' lang='lat' dir='ltr'>Ira</span> <span class='ocrx_word' id='word_1_30' title='bbox 628 632 743 683; x_wconf 79' lang='lat' dir='ltr'>Ernestns</span> <span class='ocrx_word' id='word_1_31' title='bbox 756 649 812 681; x_wconf 86' lang='lat' dir='ltr'>cum</span> <span class='ocrx_word' id='word_1_32' title='bbox 829 631 853 683; x_wconf 83' lang='lat' dir='ltr'>J.</span> <span class='ocrx_word' id='word_1_33' title='bbox 868 631 939 684; x_wconf 84' lang='lat' dir='ltr'>Gro-</span> 
     </span>
     <span class='ocr_line' id='line_1_6' title="bbox 251 707 940 774; baseline -0.009 -12"><span class='ocrx_word' id='word_1_34' title='bbox 251 710 328 762; x_wconf 83' lang='lat' dir='ltr'>novio</span> <span class='ocrx_word' id='word_1_35' title='bbox 345 726 359 758; x_wconf 89' lang='lat' dir='ltr'>e</span> <span class='ocrx_word' id='word_1_36' title='bbox 375 726 433 761; x_wconf 80' lang='lat' dir='ltr'>mss.</span> <span class='ocrx_word' id='word_1_37' title='bbox 446 708 604 768; x_wconf 86' lang='lat' dir='ltr'>Oxoniensi,</span> <span class='ocrx_word' id='word_1_38' title='bbox 619 724 664 772; x_wconf 89' lang='lat' dir='ltr'>pro</span> <span class='ocrx_word' id='word_1_39' title='bbox 677 707 782 773; x_wconf 79' lang='lat' dir='ltr'>vulgato</span> <span class='ocrx_word' id='word_1_40' title='bbox 793 709 940 774; x_wconf 79' lang='lat' dir='ltr'>inrumpere.</span> 
     </span>
    </p>

    <p class='ocr_par' dir='ltr' id='par_1_4' title="bbox 243 780 941 995">
     <span class='ocr_line' id='line_1_7' title="bbox 289 780 941 848; baseline -0.006 -16"><span class='ocrx_word' id='word_1_41' title='bbox 289 781 373 834; x_wconf 77' lang='lat' dir='ltr'><strong>XXII·</strong></span> <span class='ocrx_word' id='word_1_42' title='bbox 395 799 419 836; x_wconf 86' lang='lat' dir='ltr'>t.</span> <span class='ocrx_word' id='word_1_43' title='bbox 439 780 550 844; x_wconf 72' lang='lat' dir='ltr'>Disjeiio</span> <span class='ocrx_word' id='word_1_44' title='bbox 568 785 669 848; x_wconf 81' lang='lat' dir='ltr'>agmine.</span> <span class='ocrx_word' id='word_1_45' title='bbox 690 781 790 844; x_wconf 85' lang='lat' dir='ltr'>Nempe</span> <span class='ocrx_word' id='word_1_46' title='bbox 809 781 941 840; x_wconf 81' lang='lat' dir='ltr'>militurn,</span> 
     </span>
     <span class='ocr_line' id='line_1_8' title="bbox 250 852 940 924; baseline 0.001 -20"><span class='ocrx_word' id='word_1_47' title='bbox 250 856 291 924; x_wconf 88' lang='lat' dir='ltr'>qni</span> <span class='ocrx_word' id='word_1_48' title='bbox 300 855 409 906; x_wconf 81' lang='lat' dir='ltr'>terrestri</span> <span class='ocrx_word' id='word_1_49' title='bbox 418 857 507 906; x_wconf 85' lang='lat' dir='ltr'>itinere</span> <span class='ocrx_word' id='word_1_50' title='bbox 517 852 940 919; x_wconf 84' lang='lat' dir='ltr'>Cerialemproiequebnntur.Ho-</span> 
     </span>
     <span class='ocr_line' id='line_1_9' title="bbox 243 928 856 995; baseline -0.007 -13"><span class='ocrx_word' id='word_1_51' title='bbox 243 931 304 982; x_wconf 84' lang='lat' dir='ltr'>¹rum</span> <span class='ocrx_word' id='word_1_52' title='bbox 315 928 390 979; x_wconf 80' lang='lat' dir='ltr'>cestra</span> <span class='ocrx_word' id='word_1_53' title='bbox 405 929 522 979; x_wconf 71' lang='lat' dir='ltr'>nodinrna</span> <span class='ocrx_word' id='word_1_54' title='bbox 536 929 656 979; x_wconf 82' lang='lat' dir='ltr'>Germani</span> <span class='ocrx_word' id='word_1_55' title='bbox 667 928 856 995; x_wconf 79' lang='lat' dir='ltr'>aggrediuntur.</span> 
     </span>
    </p>

    <p class='ocr_par' dir='ltr' id='par_1_5' title="bbox 251 997 939 1368">
     <span class='ocr_line' id='line_1_10' title="bbox 290 997 939 1069; baseline -0.006 -15"><span class='ocrx_word' id='word_1_56' title='bbox 290 1020 317 1054; x_wconf 85' lang='lat'>2.</span> <span class='ocrx_word' id='word_1_57' title='bbox 338 1002 441 1069; x_wconf 68' lang='lat' dir='ltr'>suismet</span> <span class='ocrx_word' id='word_1_58' title='bbox 455 1005 575 1054; x_wconf 78' lang='lat' dir='ltr'>tentoriis.</span> <span class='ocrx_word' id='word_1_59' title='bbox 592 1002 627 1050; x_wconf 82' lang='lat' dir='ltr'>lta</span> <span class='ocrx_word' id='word_1_60' title='bbox 645 1002 803 1059; x_wconf 82' lang='lat' dir='ltr'>Vaticanus,</span> <span class='ocrx_word' id='word_1_61' title='bbox 821 997 939 1068; x_wconf 82' lang='lat' dir='ltr'>Regius,</span> 
     </span>
     <span class='ocr_line' id='line_1_11' title="bbox 251 1072 939 1144; baseline -0.006 -17"><span class='ocrx_word' id='word_1_62' title='bbox 251 1075 276 1127; x_wconf 69' lang='grc' dir='ltr'>ἃ</span> <span class='ocrx_word' id='word_1_63' title='bbox 288 1075 432 1144; x_wconf 81' lang='lat' dir='ltr'>Ryekienus</span> <span class='ocrx_word' id='word_1_64' title='bbox 442 1113 449 1138; x_wconf 87' lang='lat'><strong><em>,</em></strong></span> <span class='ocrx_word' id='word_1_65' title='bbox 460 1075 549 1143; x_wconf 86' lang='lat' dir='ltr'>quibus</span> <span class='ocrx_word' id='word_1_66' title='bbox 561 1075 657 1125; x_wconf 81' lang='lat' dir='ltr'>accedit</span> <span class='ocrx_word' id='word_1_67' title='bbox 668 1074 693 1124; x_wconf 79' lang='grc' dir='ltr'>δι</span> <span class='ocrx_word' id='word_1_68' title='bbox 702 1074 720 1122; x_wconf 88' lang='lat' dir='ltr'>F</span> <span class='ocrx_word' id='word_1_69' title='bbox 722 1076 769 1122; x_wconf 88' lang='lat' dir='ltr'>lor.</span> <span class='ocrx_word' id='word_1_70' title='bbox 780 1072 806 1123; x_wconf 88' lang='lat' dir='ltr'>in</span> <span class='ocrx_word' id='word_1_71' title='bbox 818 1091 870 1140; x_wconf 88' lang='lat' dir='ltr'>quo</span> <span class='ocrx_word' id='word_1_72' title='bbox 879 1074 939 1123; x_wconf 84' lang='lat' dir='ltr'>scri·</span> 
     </span>
     <span class='ocr_line' id='line_1_12' title="bbox 252 1147 937 1215; baseline -0.006 -14"><span class='ocrx_word' id='word_1_73' title='bbox 252 1151 319 1202; x_wconf 88' lang='lat' dir='ltr'>bitur</span> <span class='ocrx_word' id='word_1_74' title='bbox 331 1149 430 1215; x_wconf 82' lang='lat' dir='ltr'>suismet</span> <span class='ocrx_word' id='word_1_75' title='bbox 445 1153 532 1200; x_wconf 82' lang='lat' dir='ltr'>toriis:</span> <span class='ocrx_word' id='word_1_76' title='bbox 554 1151 579 1199; x_wconf 81' lang='grc' dir='ltr'>δι</span> <span class='ocrx_word' id='word_1_77' title='bbox 592 1149 627 1199; x_wconf 84' lang='lat' dir='ltr'>sic</span> <span class='ocrx_word' id='word_1_78' title='bbox 643 1147 692 1214; x_wconf 78' lang='lat' dir='ltr'>jam</span> <span class='ocrx_word' id='word_1_79' title='bbox 710 1147 787 1196; x_wconf 87' lang='lat' dir='ltr'>edidit</span> <span class='ocrx_word' id='word_1_80' title='bbox 801 1147 937 1209; x_wconf 71' lang='lat' dir='ltr'>Emeum,</span> 
     </span>
     <span class='ocr_line' id='line_1_13' title="bbox 251 1221 938 1294; baseline -0.004 -22"><span class='ocrx_word' id='word_1_81' title='bbox 251 1241 298 1294; x_wconf 83' lang='lat' dir='ltr'>pro</span> <span class='ocrx_word' id='word_1_82' title='bbox 310 1226 412 1292; x_wconf 76' lang='lat' dir='ltr'>vulgato</span> <span class='ocrx_word' id='word_1_83' title='bbox 422 1221 520 1288; x_wconf 79' lang='lat' dir='ltr'>firismet</span> <span class='ocrx_word' id='word_1_84' title='bbox 538 1227 626 1286; x_wconf 83' lang='lat' dir='ltr'>coriis,</span> <span class='ocrx_word' id='word_1_85' title='bbox 643 1240 717 1290; x_wconf 88' lang='lat' dir='ltr'>quum</span> <span class='ocrx_word' id='word_1_86' title='bbox 732 1221 851 1288; x_wconf 80' lang='lat' dir='ltr'>nusquam</span> <span class='ocrx_word' id='word_1_87' title='bbox 870 1225 938 1270; x_wconf 82' lang='lat' dir='ltr'>coria</span> 
     </span>
     <span class='ocr_line' id='line_1_14' title="bbox 251 1297 869 1368; baseline -0.005 -21"><span class='ocrx_word' id='word_1_88' title='bbox 251 1315 298 1368; x_wconf 83' lang='lat' dir='ltr'>pro</span> <span class='ocrx_word' id='word_1_89' title='bbox 318 1297 434 1348; x_wconf 84' lang='lat' dir='ltr'>tentoriis</span> <span class='ocrx_word' id='word_1_90' title='bbox 452 1297 574 1350; x_wconf 84' lang='lat' dir='ltr'>dicantur.</span> <span class='ocrx_word' id='word_1_91' title='bbox 866 1305 869 1308; x_wconf 84' lang='grc'><strong>’</strong></span> 
     </span>
    </p>

    <p class='ocr_par' dir='ltr' id='par_1_6' title="bbox 252 1367 937 1501">
     <span class='ocr_line' id='line_1_15' title="bbox 291 1367 937 1438; baseline 0.003 -20"><span class='ocrx_word' id='word_1_92' title='bbox 291 1383 317 1434; x_wconf 82' lang='lat'>3.</span> <span class='ocrx_word' id='word_1_93' title='bbox 334 1368 474 1421; x_wconf 73' lang='lat' dir='ltr'>Pretorium</span> <span class='ocrx_word' id='word_1_94' title='bbox 489 1373 612 1422; x_wconf 83' lang='lat' dir='ltr'>triremem.</span> <span class='ocrx_word' id='word_1_95' title='bbox 633 1367 726 1437; x_wconf 77' lang='lat' dir='ltr'>Regius</span> <span class='ocrx_word' id='word_1_96' title='bbox 745 1367 771 1420; x_wconf 68' lang='grc' dir='ltr'>ἃ</span> <span class='ocrx_word' id='word_1_97' title='bbox 789 1368 937 1438; x_wconf 68' lang='lat' dir='ltr'>Ryckianus</span> 
     </span>
     <span class='ocr_line' id='line_1_16' title="bbox 252 1443 495 1501; baseline 0.004 -8"><span class='ocrx_word' id='word_1_98' title='bbox 252 1444 361 1501; x_wconf 73' lang='lat' dir='ltr'>scribunt</span> <span class='ocrx_word' id='word_1_99' title='bbox 380 1443 495 1494; x_wconf 71' lang='lat' dir='ltr'>biremem·</span> 
     </span>
    </p>

    <p class='ocr_par' dir='ltr' id='par_1_7' title="bbox 250 1514 937 2031">
     <span class='ocr_line' id='line_1_17' title="bbox 289 1514 935 1586; baseline -0.005 -18"><span class='ocrx_word' id='word_1_100' title='bbox 289 1517 386 1570; x_wconf 85' lang='lat' dir='ltr'>Xxul.</span> <span class='ocrx_word' id='word_1_101' title='bbox 410 1535 433 1570; x_wconf 88' lang='lat'>1.</span> <span class='ocrx_word' id='word_1_102' title='bbox 447 1517 558 1568; x_wconf 84' lang='lat' dir='ltr'>Triceuos</span> <span class='ocrx_word' id='word_1_103' title='bbox 570 1517 772 1586; x_wconf 78' lang='lat' dir='ltr'>quadragenosque</span> <span class='ocrx_word' id='word_1_104' title='bbox 779 1514 844 1580; x_wconf 81' lang='lat' dir='ltr'>ferre</span> <span class='ocrx_word' id='word_1_105' title='bbox 856 1534 935 1566; x_wconf 83' lang='lat' dir='ltr'>arma·</span> 
     </span>
     <span class='ocr_line' id='line_1_18' title="bbox 252 1589 937 1657; baseline 0 -15"><span class='ocrx_word' id='word_1_106' title='bbox 252 1605 292 1642; x_wconf 80' lang='lat' dir='ltr'>tos</span> <span class='ocrx_word' id='word_1_107' title='bbox 304 1589 529 1656; x_wconf 73' lang='lat' dir='ltr'>Liburnicaefhlieae.</span> <span class='ocrx_word' id='word_1_108' title='bbox 539 1591 576 1640; x_wconf 85' lang='lat' dir='ltr'>Ita</span> <span class='ocrx_word' id='word_1_109' title='bbox 592 1595 674 1641; x_wconf 86' lang='lat' dir='ltr'>locum</span> <span class='ocrx_word' id='word_1_110' title='bbox 685 1628 692 1653; x_wconf 93' lang='lat'>,</span> <span class='ocrx_word' id='word_1_111' title='bbox 705 1591 829 1657; x_wconf 87' lang='lat' dir='ltr'>plerisque</span> <span class='ocrx_word' id='word_1_112' title='bbox 840 1592 867 1640; x_wconf 88' lang='lat' dir='ltr'>in</span> <span class='ocrx_word' id='word_1_113' title='bbox 878 1607 937 1642; x_wconf 74' lang='lat' dir='ltr'>mss.</span> 
     </span>
     <span class='ocr_line' id='line_1_19' title="bbox 251 1663 936 1733; baseline -0.006 -15"><span class='ocrx_word' id='word_1_114' title='bbox 251 1663 314 1718; x_wconf 64' lang='lat' dir='ltr'>miri</span> <span class='ocrx_word' id='word_1_115' title='bbox 332 1677 496 1732; x_wconf 82' lang='lat' dir='ltr'>corruptum,</span> <span class='ocrx_word' id='word_1_116' title='bbox 514 1665 590 1714; x_wconf 86' lang='lat' dir='ltr'>edidit</span> <span class='ocrx_word' id='word_1_117' title='bbox 605 1665 716 1733; x_wconf 84' lang='lat' dir='ltr'>Ryckius</span> <span class='ocrx_word' id='word_1_118' title='bbox 735 1664 749 1714; x_wconf 78' lang='grc' dir='ltr'>ὲ</span> <span class='ocrx_word' id='word_1_119' title='bbox 766 1664 810 1715; x_wconf 85' lang='lat' dir='ltr'>suo</span> <span class='ocrx_word' id='word_1_120' title='bbox 829 1665 936 1728; x_wconf 83' lang='lat' dir='ltr'>codice,</span> 
     </span>
     <span class='ocr_line' id='line_1_20' title="bbox 251 1737 936 1806; baseline -0.001 -16"><span class='ocrx_word' id='word_1_121' title='bbox 251 1739 278 1790; x_wconf 87' lang='lat'>&amp;</span> <span class='ocrx_word' id='word_1_122' title='bbox 289 1739 374 1790; x_wconf 83' lang='lat' dir='ltr'>favent</span> <span class='ocrx_word' id='word_1_123' title='bbox 385 1739 452 1792; x_wconf 86' lang='lat' dir='ltr'>Flor.</span> <span class='ocrx_word' id='word_1_124' title='bbox 463 1739 558 1806; x_wconf 80' lang='lat' dir='ltr'>Regius</span> <span class='ocrx_word' id='word_1_125' title='bbox 571 1739 685 1789; x_wconf 82' lang='lat' dir='ltr'>&amp;editio</span> <span class='ocrx_word' id='word_1_126' title='bbox 697 1737 773 1804; x_wconf 85' lang='lat' dir='ltr'>prima</span> <span class='ocrx_word' id='word_1_127' title='bbox 786 1773 793 1799; x_wconf 82' lang='grc'><em>,</em></span> <span class='ocrx_word' id='word_1_128' title='bbox 807 1739 832 1788; x_wconf 89' lang='lat' dir='ltr'>in</span> <span class='ocrx_word' id='word_1_129' title='bbox 846 1739 936 1804; x_wconf 81' lang='lat' dir='ltr'>quibus</span> 
     </span>
     <span class='ocr_line' id='line_1_21' title="bbox 250 1811 936 1881; baseline -0.004 -16"><span class='ocrx_word' id='word_1_130' title='bbox 250 1815 344 1881; x_wconf 79' lang='lat' dir='ltr'>legitur</span> <span class='ocrx_word' id='word_1_131' title='bbox 358 1828 475 1865; x_wconf 83' lang='lat' dir='ltr'>trecentos</span> <span class='ocrx_word' id='word_1_132' title='bbox 487 1811 689 1881; x_wconf 58' lang='lat' dir='ltr'>quadragenrfiue</span> <span class='ocrx_word' id='word_1_133' title='bbox 698 1811 936 1877; x_wconf 71' lang='lat' dir='ltr'>semermium,</span> 
     </span>
     <span class='ocr_line' id='line_1_22' title="bbox 251 1886 937 1953; baseline -0.006 -13"><span class='ocrx_word' id='word_1_134' title='bbox 251 1889 293 1940; x_wconf 82' lang='lat' dir='ltr'>vel</span> <span class='ocrx_word' id='word_1_135' title='bbox 307 1887 596 1951; x_wconf 70' lang='lat' dir='ltr'>armabiburnicirsolitu</span> <span class='ocrx_word' id='word_1_136' title='bbox 608 1925 615 1950; x_wconf 92' lang='lat'>,</span> <span class='ocrx_word' id='word_1_137' title='bbox 628 1886 764 1951; x_wconf 76' lang='lat' dir='ltr'>velfiriitae.</span> <span class='ocrx_word' id='word_1_138' title='bbox 777 1886 876 1953; x_wconf 72' lang='lat' dir='ltr'>Lips1us</span> <span class='ocrx_word' id='word_1_139' title='bbox 889 1888 937 1936; x_wconf 83' lang='lat' dir='ltr'>de·</span> 
     </span>
     <span class='ocr_line' id='line_1_23' title="bbox 252 1960 937 2031; baseline -0.003 -19"><span class='ocrx_word' id='word_1_140' title='bbox 252 1962 289 2012; x_wconf 87' lang='lat' dir='ltr'>dit</span> <span class='ocrx_word' id='word_1_141' title='bbox 307 1964 403 2011; x_wconf 75' lang='lat' dir='ltr'>tricenis</span> <span class='ocrx_word' id='word_1_142' title='bbox 418 1960 617 2031; x_wconf 75' lang='lat' dir='ltr'>quadrageuifque</span> <span class='ocrx_word' id='word_1_143' title='bbox 639 1978 783 2011; x_wconf 79' lang='lat' dir='ltr'>armamenta</span> <span class='ocrx_word' id='word_1_144' title='bbox 799 1960 937 2011; x_wconf 83' lang='lat' dir='ltr'>Liburnicis</span> 
     </span>
    </p>

    <p class='ocr_par' dir='ltr' id='par_1_8' title="bbox 247 2035 937 2466">
     <span class='ocr_line' id='line_1_24' title="bbox 265 2035 595 2086; baseline -0.006 -1"><span class='ocrx_word' id='word_1_145' title='bbox 265 2035 335 2086; x_wconf 74' lang='lat' dir='ltr'>ilica.</span> <span class='ocrx_word' id='word_1_146' title='bbox 443 2044 446 2049; x_wconf 82' lang='grc'>’</span> <span class='ocrx_word' id='word_1_147' title='bbox 593 2041 595 2044; x_wconf 83' lang='grc'><strong>’</strong></span> 
     </span>
     <span class='ocr_line' id='line_1_25' title="bbox 247 2038 937 2181; baseline 0 -22"><span class='ocrx_word' id='word_1_148' title='bbox 247 2038 265 2103; x_wconf 64' lang='lat' dir='ltr'><em>l</em></span> <span class='ocrx_word' id='word_1_149' title='bbox 291 2125 318 2161; x_wconf 88' lang='lat'>2.</span> <span class='ocrx_word' id='word_1_150' title='bbox 335 2108 391 2181; x_wconf 82' lang='lat' dir='ltr'>Quo</span> <span class='ocrx_word' id='word_1_151' title='bbox 402 2106 475 2174; x_wconf 80' lang='lat' dir='ltr'>Mofit</span> <span class='ocrx_word' id='word_1_152' title='bbox 482 2108 591 2175; x_wconf 86' lang='lat' dir='ltr'>fluminis</span> <span class='ocrx_word' id='word_1_153' title='bbox 601 2126 628 2157; x_wconf 87' lang='lat' dir='ltr'>os</span> <span class='ocrx_word' id='word_1_154' title='bbox 637 2125 729 2159; x_wconf 79' lang='lat' dir='ltr'>amnem</span> <span class='ocrx_word' id='word_1_155' title='bbox 737 2106 845 2157; x_wconf 75' lang='lat' dir='ltr'>Rhenum</span> <span class='ocrx_word' id='word_1_156' title='bbox 857 2110 937 2161; x_wconf 89' lang='lat' dir='ltr'>Ocea·</span> 
     </span>
     <span class='ocr_line' id='line_1_26' title="bbox 253 2180 935 2245; baseline 0.004 -14"><span class='ocrx_word' id='word_1_157' title='bbox 253 2194 286 2231; x_wconf 81' lang='lat' dir='ltr'>no</span> <span class='ocrx_word' id='word_1_158' title='bbox 298 2180 418 2245; x_wconf 80' lang='lat' dir='ltr'>adfimdit.</span> <span class='ocrx_word' id='word_1_159' title='bbox 434 2186 470 2233; x_wconf 84' lang='lat' dir='ltr'>ita</span> <span class='ocrx_word' id='word_1_160' title='bbox 488 2200 518 2232; x_wconf 81' lang='lat' dir='ltr'>eu</span> <span class='ocrx_word' id='word_1_161' title='bbox 532 2182 679 2237; x_wconf 76' lang='lat' dir='ltr'>Flor.&#39;dedit</span> <span class='ocrx_word' id='word_1_162' title='bbox 693 2181 717 2234; x_wconf 85' lang='lat' dir='ltr'>J.</span> <span class='ocrx_word' id='word_1_163' title='bbox 729 2182 894 2245; x_wconf 75' lang='lat' dir='ltr'>Gronovius,</span> <span class='ocrx_word' id='word_1_164' title='bbox 910 2185 935 2234; x_wconf 78' lang='grc' dir='ltr'>δι</span> 
     </span>
     <span class='ocr_line' id='line_1_27' title="bbox 252 2255 935 2323; baseline 0.001 -18"><span class='ocrx_word' id='word_1_165' title='bbox 252 2255 334 2305; x_wconf 82' lang='lat' dir='ltr'>firmat</span> <span class='ocrx_word' id='word_1_166' title='bbox 346 2255 459 2323; x_wconf 75' lang='lat' dir='ltr'>Regius,</span> <span class='ocrx_word' id='word_1_167' title='bbox 478 2257 519 2321; x_wconf 88' lang='lat' dir='ltr'>qui</span> <span class='ocrx_word' id='word_1_168' title='bbox 532 2274 577 2321; x_wconf 90' lang='lat' dir='ltr'>pro</span> <span class='ocrx_word' id='word_1_169' title='bbox 590 2255 717 2321; x_wconf 80' lang='lat' dir='ltr'>adfimdit,</span> <span class='ocrx_word' id='word_1_170' title='bbox 737 2257 815 2305; x_wconf 83' lang='lat' dir='ltr'>habet</span> <span class='ocrx_word' id='word_1_171' title='bbox 825 2255 935 2321; x_wconf 72' lang='lat' dir='ltr'>ffmdit.</span> 
     </span>
     <span class='ocr_line' id='line_1_28' title="bbox 252 2328 934 2397; baseline -0.001 -16"><span class='ocrx_word' id='word_1_172' title='bbox 252 2329 320 2381; x_wconf 86' lang='lat' dir='ltr'>Vide</span> <span class='ocrx_word' id='word_1_173' title='bbox 330 2328 394 2378; x_wconf 83' lang='lat' dir='ltr'>Ann.</span> <span class='ocrx_word' id='word_1_174' title='bbox 409 2346 432 2381; x_wconf 91' lang='lat'>2.</span> <span class='ocrx_word' id='word_1_175' title='bbox 448 2330 473 2379; x_wconf 89' lang='lat'>6.</span> <span class='ocrx_word' id='word_1_176' title='bbox 487 2330 551 2378; x_wconf 81' lang='lat' dir='ltr'>Ediri</span> <span class='ocrx_word' id='word_1_177' title='bbox 568 2331 662 2397; x_wconf 77' lang='lat' dir='ltr'>vulgi),</span> <span class='ocrx_word' id='word_1_178' title='bbox 680 2346 724 2395; x_wconf 80' lang='lat' dir='ltr'>quo</span> <span class='ocrx_word' id='word_1_179' title='bbox 740 2328 934 2395; x_wconf 79' lang='lat' dir='ltr'>Mosaeflamiris</span> 
     </span>
     <span class='ocr_line' id='line_1_29' title="bbox 253 2400 703 2466; baseline -0.007 -13"><span class='ocrx_word' id='word_1_180' title='bbox 253 2420 345 2453; x_wconf 88' lang='lat' dir='ltr'>amnem</span> <span class='ocrx_word' id='word_1_181' title='bbox 360 2400 455 2453; x_wconf 79' lang='lat' dir='ltr'>Rhenus</span> <span class='ocrx_word' id='word_1_182' title='bbox 469 2402 567 2452; x_wconf 83' lang='lat' dir='ltr'>Oceano</span> <span class='ocrx_word' id='word_1_183' title='bbox 583 2404 703 2466; x_wconf 79' lang='lat' dir='ltr'>adfimdir.</span> 
     </span>
    </p>
   </div>
   <div class='ocr_carea' id='block_1_3' title="bbox 291 2474 1040 2545">
    <p class='ocr_par' dir='ltr' id='par_1_9' title="bbox 291 2474 1040 2545">
     <span class='ocr_line' id='line_1_30' title="bbox 291 2474 1040 2545; baseline 0.001 -18"><span class='ocrx_word' id='word_1_184' title='bbox 291 2492 317 2545; x_wconf 81' lang='lat'>3.</span> <span class='ocrx_word' id='word_1_185' title='bbox 334 2477 423 2527; x_wconf 79' lang='lat' dir='ltr'>Crebris</span> <span class='ocrx_word' id='word_1_186' title='bbox 431 2476 578 2543; x_wconf 79' lang='lat' dir='ltr'>pluvialibus</span> <span class='ocrx_word' id='word_1_187' title='bbox 593 2475 713 2527; x_wconf 77' lang='lat' dir='ltr'>imbribus.</span> <span class='ocrx_word' id='word_1_188' title='bbox 724 2474 792 2526; x_wconf 79' lang='lat' dir='ltr'>FIot.</span> <span class='ocrx_word' id='word_1_189' title='bbox 804 2474 935 2545; x_wconf 74' lang='lat' dir='ltr'>&amp;Regius</span> <span class='ocrx_word' id='word_1_190' title='bbox 1037 2504 1040 2509; x_wconf 92' lang='lat'>·</span> 
     </span>
    </p>
   </div>
   <div class='ocr_carea' id='block_1_4' title="bbox 252 2548 937 2840">
    <p class='ocr_par' dir='ltr' id='par_1_10' title="bbox 252 2548 740 2616">
     <span class='ocr_line' id='line_1_31' title="bbox 252 2548 740 2616; baseline 0.002 -17"><span class='ocrx_word' id='word_1_191' title='bbox 252 2549 362 2600; x_wconf 81' lang='lat' dir='ltr'>scribunt</span> <span class='ocrx_word' id='word_1_192' title='bbox 375 2549 458 2599; x_wconf 81' lang='lat' dir='ltr'>crebris</span> <span class='ocrx_word' id='word_1_193' title='bbox 466 2567 507 2616; x_wconf 81' lang='lat' dir='ltr'>per</span> <span class='ocrx_word' id='word_1_194' title='bbox 516 2550 612 2599; x_wconf 81' lang='lat' dir='ltr'>hiemem</span> <span class='ocrx_word' id='word_1_195' title='bbox 622 2548 740 2600; x_wconf 78' lang='lat' dir='ltr'>imbribus.</span> 
     </span>
    </p>

    <p class='ocr_par' dir='ltr' id='par_1_11' title="bbox 252 2622 934 2751">
     <span class='ocr_line' id='line_1_32' title="bbox 291 2622 934 2691; baseline 0.003 -18"><span class='ocrx_word' id='word_1_196' title='bbox 291 2640 317 2687; x_wconf 83' lang='lat'>4.</span> <span class='ocrx_word' id='word_1_197' title='bbox 338 2623 432 2685; x_wconf 79' lang='lat' dir='ltr'>Castra.</span> <span class='ocrx_word' id='word_1_198' title='bbox 443 2658 468 2676; x_wconf 87' lang='lat'>..</span> <span class='ocrx_word' id='word_1_199' title='bbox 488 2622 707 2691; x_wconf 68' lang='lat' dir='ltr'>dffrebarreur.1n</span> <span class='ocrx_word' id='word_1_200' title='bbox 725 2622 833 2673; x_wconf 84' lang='lat' dir='ltr'>diversas</span> <span class='ocrx_word' id='word_1_201' title='bbox 851 2634 934 2689; x_wconf 79' lang='lat' dir='ltr'>partes</span> 
     </span>
     <span class='ocr_line' id='line_1_33' title="bbox 252 2694 408 2751; baseline 0.026 -4"><span class='ocrx_word' id='word_1_202' title='bbox 252 2694 408 2751; x_wconf 74' lang='lat' dir='ltr'>ferebantur.</span> 
     </span>
    </p>

    <p class='ocr_par' dir='ltr' id='par_1_12' title="bbox 293 2768 937 2840">
     <span class='ocr_line' id='line_1_34' title="bbox 293 2768 937 2840; baseline 0.002 -19"><span class='ocrx_word' id='word_1_203' title='bbox 293 2768 395 2827; x_wconf 83' lang='lat' dir='ltr'>XXIV.</span> <span class='ocrx_word' id='word_1_204' title='bbox 414 2786 439 2824; x_wconf 87' lang='lat'>2.</span> <span class='ocrx_word' id='word_1_205' title='bbox 455 2770 539 2840; x_wconf 84' lang='lat' dir='ltr'>Neque</span> <span class='ocrx_word' id='word_1_206' title='bbox 553 2772 621 2823; x_wconf 83' lang='lat' dir='ltr'>aliud</span> <span class='ocrx_word' id='word_1_207' title='bbox 637 2770 723 2823; x_wconf 82' lang='lat' dir='ltr'>Cirilis</span> <span class='ocrx_word' id='word_1_208' title='bbox 738 2771 849 2821; x_wconf 75' lang='lat' dir='ltr'>amicitid</span> <span class='ocrx_word' id='word_1_209' title='bbox 859 2788 937 2838; x_wconf 82' lang='lat' dir='ltr'>para·</span> 
     </span>
    </p>
   </div>
   <div class='ocr_carea' id='block_1_5' title="bbox 0 0 1054 3650">
    <p class='ocr_par' dir='ltr' id='par_1_13' title="bbox 0 0 1054 3650">
     <span class='ocr_line' id='line_1_35' title="bbox 0 0 1054 3650; baseline 0 0"><span class='ocrx_word' id='word_1_210' title='bbox 0 0 1054 3650; x_wconf 95' lang='lat' dir='ltr'> </span> 
     </span>
    </p>
   </div>
  </div>
 </body>
</html>
