2100 3650
240 301 550 389 Hrsroarnaunr
567 317 651 389 Ira.
667 320 717 411 Il.
747 335 818 411 153'

135 439 166 502 'br
184 438 240 499 dux
258 440 432 509 Mucianus,
452 447 480 498 &
499 438 668 517 Vespasiani
687 460 816 513 nomen,

135 542 171 582 ac
193 518 267 580 nibil
290 520 409 580 arduum
435 518 509 579 fatis.
532 518 579 579 Ad
607 541 707 579 omnes
731 542 812 579 exer·
857 594 862 599 .

139 605 208 661 citus
227 602 391 685 legatosque
408 603 513 679 scriptae
532 598 673 679 epistolae,
697 620 815 683 praecep·

134 700 273 763 rumque,
289 701 320 741 ur
333 683 513 757 praetorianos
536 683 653 742 Vitellio
671 684 816 761 infensos,

138 767 314 837 reciperando
335 765 441 822 militia
453 764 566 837 prumia
586 764 746 823 invitarent.

178 844 345 903 LXXXIII.
362 844 512 904 Mucianus
527 864 590 901 cum
604 843 731 924 expedita
746 864 814 905 ma-

137 946 191 995 nu,
202 926 312 985 socium
322 926 413 1006 magis
421 927 544 1004 imperii,
558 924 644 1006 quim
656 924 816 986 ministrum

137 1026 245 1087 agens,
263 1028 322 1065 non
340 1007 418 1064 lento
435 1008 550 1077 itinere,
570 1028 605 1065 ne
625 1008 748 1067 cundlari
768 1010 816 1067 vi‹

138 1086 268 1155 deretur,
288 1108 379 1167 neque
396 1105 494 1146 tamen
511 1108 680 1167 properans,
700 1089 817 1171 gliscere

138 1166 250 1236 famam
269 1170 332 1247 ipso
352 1169 442 1249 spatio
458 1170 567 1228 sinebat
583 1190 589 1224 :
604 1188 704 1250 gnarus
720 1169 819 1229 modi=

139 1270 187 1309 cas
206 1251 278 1309 vires
297 1249 368 1319 sibi,
388 1257 424 1307 &.
435 1255 544 1328 majora
565 1249 640 1307 credi
658 1249 703 1308 de
715 1250 816 1309 abscu-

137 1330 222 1390 tibus.
244 1328 299 1390 Sed
322 1330 398 1409 ¹1³⁰
417 1350 510 1401 sexta,
530 1340 557 1389 δι
577 1330 710 1389 tredecIm
731 1332 817 1391 vexil-

138 1413 273 1471 lariorum
301 1412 410 1481 milia,
434 1414 545 1492 ingenti
570 1413 685 1493 agmine
712 1433 816 1493 seque-

138 1493 249 1552 bantur.
267 1493 396 1553 Classem
415 1513 430 1550 e
446 1494 538 1552 Ponto
553 1492 723 1574 Byzantium
737 1494 817 1577 adigi
851 1546 853 1551 ,

134 1579 275 1654 jusserat3
297 1574 446 1655 ambiguus
467 1574 602 1645 consilii,
621 1596 689 1634 num
712 1573 819 1635 omissi

137 1652 264 1723 Moesia,
285 1652 495 1734 Dyrrhachium
518 1655 611 1734 pedite
632 1674 716 1735 atque
740 1658 820 1735 equi-

138 1754 187 1806 re,
205 1736 289 1795 simul
299 1737 393 1817 longis
407 1737 525 1795 navibus
541 1754 649 1794 versum
662 1737 691 1794 in
703 1735 817 1794 Italiam

138 1838 219 1881 mare
237 1815 395 1887 clauderet,
414 1815 474 1876 tuti
494 1837 567 1896 pone
580 1835 688 1899 tergum
706 1813 819 1877 Achaiit

138 1896 292 1978 Asibquea
313 1920 382 1979 quas
403 1900 522 1957 inermes
546 1899 649 1975 exponi
672 1897 818 1970 Vitellio,

138 1982 171 2043 ni
190 1978 323 2057 praesidiis
340 1977 534 2048 firmarentur3
549 1997 632 2057 atque
650 1979 741 2057 ipsum
760 1978 819 2036 Vi·

139 2062 250 2122 tellium
271 2062 301 2120 in
315 2063 419 2118 incerto
438 2059 515 2129 fore,
528 2079 614 2138 quam
630 2077 736 2136 partem
753 2059 817 2119 Ita·

137 2143 185 2203 liae
201 2157 378 2224 protegeret,
397 2143 421 2200 si
437 2139 492 2199 sibi
510 2139 688 2201 Brundisium
707 2139 821 2200 Taren·

138 2243 276 2302 tumque,
297 2231 324 2282 δε
348 2221 490 2281 Calabriae
512 2221 698 2303 Lucaniaeque
722 2221 820 2286 littora

137 2302 247 2364 infestis
263 2302 394 2363 classibus
410 2322 572 2382 peterentur.
606 2323 609 2332 ⁴

182 2384 351 2444 LXXXIV.
381 2383 469 2465 Igitur
503 2384 640 2452 navium,
675 2383 821 2456 militum,
888 2383 891 2386 ’

138 2485 286 2526 armorum
314 2483 411 2542 paratu
438 2461 555 2543 strepere
577 2463 735 2542 provincias.
763 2463 822 2525 sed

136 2545 216 2608 nihil
236 2547 315 2625 aequb
338 2545 502 2627 fatigabat,
525 2542 611 2624 qu‘am
638 2547 821 2623 pecuniarum

137 2628 343 2707 conquisitio:
365 2649 410 2684 eos
435 2649 493 2684 esse
514 2625 580 2684 belli
604 2625 701 2685 cluilis
721 2649 823 2688 nervos

137 2710 274 2767 distitans
295 2707 445 2766 Mucianus
455 2711 472 2775 ,'
486 2727 546 2764 non
564 2711 606 2784 jus
623 2750 635 2786 ,¹
651 2726 700 2765 auc
722 2729 823 2768 verum

134 2792 171 2852 in
183 2788 411 2872 cognitionibus,
422 2786 471 2846 sed
483 2786 575 2848 solam
591 2788 822 2868 magnitudinem

649 2867 721 2930 Gv
