2100 3650
206 285 527 406 'Hui-omnum
539 335 673 406 lirul.
733 342 781 426 67

98 471 221 536 utraque
235 477 242 512 t
255 455 305 514 sub
323 451 459 524 Othone,
473 455 610 516 intertum
631 477 668 516 an
687 475 764 516 metu
770 477 782 528 3

98 535 236 602 Vitellius
253 537 344 596 vilior
363 536 517 595 clementiae
537 537 660 618 gloriam
677 538 750 596 tulit.

142 617 281 677 LXXVI.
305 617 417 676 Primus
440 614 555 676 Othoni
578 615 711 678 fiduciam
733 617 784 678 ad

100 697 177 757 didit
197 719 231 757 ex
252 698 367 779 Illyrico
384 700 523 769 nuncius,
549 700 650 759 'urasse
671 701 702 759 in
722 723 783 760 eum

98 779 275 850 Dalmatiae,
288 802 321 838 ac
340 779 494 839 Pannoniae
501 821 513 850 ,
530 723 682 841 lMoesia
694 782 783 861 legio·

75 927 79 937 Ι
97 883 161 920 nes.
177 861 258 920 Idem
271 881 304 919 ex
317 860 457 940 Hispania
477 861 594 921 allatum
612 887 619 920 ε
636 862 784 924 laudatus·

47 934 51 941 ’
100 963 159 1023 qne
174 963 221 1021 pet
233 941 356 1001 edietum
376 941 495 1003 Cluvius
511 941 602 1002 Rnfits
613 966 623 1014 3
646 951 673 1003 δι
686 941 781 1005 statim

100 1021 349 1184 &illinit
361 1023 783 1186 iilliffimniimvst‘iiii'

125 1206 194 1244 nam
212 1205 229 1244 a
244 1186 320 1246 Jnlio
335 1185 434 1246 Cordo
445 1188 475 1246 in
488 1205 536 1245 vet
557 1208 574 1244 a
591 1128 718 1247 Othotiis
727 1189 784 1247 ob-

144 1268 199 1327 ‘eta
215 1313 225 1338 ,
244 1267 293 1326 diu
312 1268 439 1328 mansit:
456 1287 596 1348 nusquam
623 1265 711 1339 fides,
733 1289 785 1330 aut

26 1387 28 1392 ·
100 1369 188 1408 amor
211 1371 217 1405 τ
240 1368 316 1407 metu
336 1371 369 1408 ac
388 1367 551 1408 necessitate
569 1346 624 1408 ltut
641 1350 708 1408 illuc
721 1371 784 1412 mu·

101 1430 246 1490 rabuntur.
257 1429 366 1490 Eadem
381 1429 505 1490 formido
516 1431 692 1510 provinciam
705 1432 782 1492 Nar·

101 1511 261 1572 nonensem
277 1511 313 1572 ad
328 1512 480 1572 Vitellium
493 1514 594 1582 vertit,
616 1511 695 1572 facili
705 1531 784 1574 tran·

103 1594 160 1652 situ
190 1592 228 1654 ad
255 1595 398 1674 proximos
422 1601 449 1653 &
469 1593 627 1653 validiores.
654 1594 784 1678 Longin-

102 1695 167 1757 qnae
197 1676 347 1754 provincie
371 1721 380 1746 ,
414 1683 441 1734 &
471 1673 542 1754 qnid
562 1674 611 1732 uid
638 1696 783 1736 armorum

102 1756 178 1816 mari
206 1755 366 1827 dirimitur,
393 1775 477 1835 penes
508 1755 538 1814 Ο
571 1774 658 1814 onem
687 1777 787 1816 mane-

103 1837 197 1909 bant3
215 1860 275 1897 non
295 1840 416 1919 partium
433 1834 547 1908 studi03
562 1836 682 1897 sederat
698 1859 785 1921 gran-

103 1918 140 1979 de
160 1938 340 1979 momentum
361 1922 391 1979 in
410 1920 527 1978 nomine
550 1918 645 1989 urbis,
664 1940 696 1978 ac
716 1940 786 2000 ptae·

105 2021 184 2062 textu
220 1998 329 2061 senariis
355 2024 363 2059 t
391 2008 418 2061 &
452 2019 637 2083 occupaverat
671 2002 784 2065 animos

102 2086 183 2165 prior
207 2082 329 2143 auditus.
355 2082 505 2141 Iudaicum
527 2082 686 2141 exereitum
709 2083 785 2143 Ves-

105 2166 238 2246 pasianus
253 2210 262 2235 ,
279 2164 364 2243 Syriae
379 2164 506 2247 legiones
524 2164 676 2224 Mucianus
693 2186 785 2226 sacra·

105 2265 206 2307 mento
224 2242 351 2306 Othonis
364 2245 491 2327 adegere.
513 2244 604 2305 Simul
618 2244 784 2328 AEgyptus,

105 2348 264 2409 omnesque
287 2346 370 2385 nersae
399 2328 428 2385 in
451 2326 600 2385 Orientem
612 2328 787 2405 provincie,

105 2409 227 2469 nomine
251 2412 308 2487 ejus
326 2407 499 2467 tenebantur.
518 2406 599 2467 Idem
614 2406 717 2467 Africae
735 2409 787 2467 ob-

104 2491 258 2571 sequium,
281 2489 364 2547 initio
387 2511 404 2547 a
425 2486 603 2570 Carthagine
627 2506 699 2549 orto.
726 2490 788 2548 Ne·

106 2592 162 2653 que
187 2568 346 2651 exspellati
371 2568 503 2650 Vipstani
536 2571 694 2650 Aproniani
722 2591 788 2650 pro-

106 2652 234 2713 consulis
260 2654 449 2722 austoritate,
478 2652 640 2721 Crescens,
663 2651 788 2713 Neronis

107 2736 225 2795 libertus
262 2738 359 2805 (nam
387 2740 414 2793 &
446 2730 477 2791 hi
504 2734 586 2793 malis
614 2734 790 2812 temporibus

107 2836 219 2901 partem
232 2836 261 2876 se
274 2814 382 2897 reipub.
393 2813 501 2880 faciunt
516 2820 531 2893 )
554 2815 668 2897 epulum
686 2814 765 2897 plebi
776 2860 790 2888 ,
