2100 3650
227 311 541 382 Hrsrort'rnntm
565 310 648 379 Lm
673 308 724 380 ΙΙ.
775 332 815 400 91

143 429 262 492 ducibus
273 450 331 514 par.
345 432 542 493 Mucianume
556 434 697 491 contrario
713 434 823 515 magni-

73 559 77 563 *
143 511 278 585 licentia,
309 521 338 573 dc
369 532 459 593 opes,
491 521 519 573 &
550 516 650 573 cundia
682 514 822 593 privatum

142 594 263 654 modum
290 611 463 679 supergressa
491 594 664 654 extollebant
691 612 698 652 ε
730 596 822 673 aptior

141 690 295 745 sermone,
318 675 454 757 dispositu
479 676 669 756 provisuque,
694 677 821 737 civilium

141 776 234 816 rerum
251 758 354 838 peritus
374 780 382 814 s
400 758 548 839 egregium
563 754 734 836 principaris
752 774 822 816 tem·

142 852 358 918 peramentum,
383 839 407 897 si
430 836 550 917 demptis
568 838 709 918 utriusque
727 839 821 910 vitiis,

142 919 210 978 solz
238 922 353 979 virtutes
383 919 573 978 miscerentur.
606 916 740 978 Ceterdm
773 916 820 978 hic

142 1000 256 1080 Syria,
286 1000 335 1058 ille
368 998 470 1059 Jndaeae
519 1000 689 1077 raepositus,
720 999 821 1059 vicinis

142 1082 352 1160 provinciarum
378 1020 689 1150 adminiliiationibns,
714 1076 822 1139 lnvidid

143 1161 304 1232 discordes,
324 1162 399 1221 exitu
419 1161 536 1221 demum
560 1160 704 1231 Neronis,
723 1162 821 1239 positis

142 1242 236 1314 odiis,
249 1246 281 1303 in
294 1241 420 1302 medium
437 1242 600 1302 consuluere
614 1238 756 1321 :prinnini
773 1260 821 1321 per

143 1326 273 1396 amicos3
300 1323 367 1384 dein
392 1324 530 1403 praecipua
561 1321 717 1382 concordiae
751 1319 820 1383 fides

143 1403 246 1476 Titus,
264 1422 349 1485 prava
367 1406 520 1464 certamina
539 1405 684 1464 communi
700 1402 820 1463 utilitate

144 1487 306 1546 aboleverat
326 1509 334 1542 ε
354 1484 452 1545 naturd
468 1501 553 1566 atque
574 1503 630 1544 arte
649 1486 820 1565 compositus

142 1564 309 1628 adliciendis
334 1568 421 1625 etiam
441 1563 573 1627 Muciani
592 1566 726 1625 motibus.
751 1564 820 1624 Tri-

144 1649 215 1708 buni
235 1649 482 1748 centurionestlue,
504 1656 533 1708 δι
555 1648 654 1730 vulgus
674 1647 819 1717 militum,

144 1726 297 1801 industrid‚
319 1729 453 1801 licentia,
478 1746 528 1809 per·
546 1730 678 1799 virtutes,
701 1746 749 1807 per
772 1747 822 1786 vm

143 1812 281 1893 luptates,
306 1829 339 1872 ut
364 1811 465 1894 cuique
485 1810 658 1894 ingenium,
684 1806 822 1870 adscisce·

144 1894 256 1955 bantur.

186 1975 241 2036 VI.
268 1976 431 2060 Antequam
453 1971 538 2036 'l'itus
567 1969 747 2045 adventaret,
775 1993 821 2034 sa·

144 2075 319 2118 aramentum
364 2057 490 2119 Othonis
525 2076 669 2138 acceperat
705 2069 821 2136 uterque

143 2141 301 2211 exercitus,
323 2141 529 2221 pracipitibus,
549 2157 581 2197 ut
602 2137 727 2208 adsolet,
745 2157 820 2197 nun·

143 2222 214 2292 ciis,
244 2229 273 2281 dt
300 2218 377 2283 tarda
408 2221 485 2280 mole
509 2221 601 2280 civilis
624 2217 713 2289 belli,
742 2217 822 2299 quod

144 2301 234 2385 longi
252 2298 403 2361 concordii
422 2304 532 2383 quietus
547 2300 667 2369 Oriens,
683 2315 750 2357 tune
764 2299 822 2378 pri·

144 2381 226 2442 rndm
245 2383 370 2463 parabat.
395 2379 530 2464 Namque
554 2381 625 2440 olim
646 2379 821 2442 validissima

144 2465 218 2524 inter
234 2460 268 2524 se>
277 2466 383 2524 civium
400 2483 494 2534 arma,
512 2465 543 2521 in
556 2459 657 2531 ltalia,
670 2461 821 2532 Galliave,

141 2547 252 2606 vitibus
280 2544 446 2605 Occidentis
471 2561 571 2623 coepta.
596 2542 635 2603 Et
661 2543 820 2622 Pompeio,

143 2625 269 2696 Cassio,
303 2626 413 2697 Bruto,
444 2626 593 2696 Antonio,
624 2643 696 2706 quos
722 2643 821 2684 omnes

143 2727 222 2767 trans
252 2727 329 2766 mare
359 2726 484 2766 secutum
514 2705 554 2764 est
583 2707 664 2766 civile
692 2703 820 2775 bellum,

143 2787 223 2852 haud
247 2789 372 2872 prosperi
400 2790 490 2849 exitus
516 2787 635 2850 fuerant.
667 2785 820 2870 Auditiqut
