2100 3650
174 268 662 343 rrrsrorrrronrrnrr‘.
704 292 766 360 3rr

88 388 229 455 Ceterum
242 410 333 471 neque
350 410 401 469 se,
421 410 512 471 neque
525 411 698 471 quemquam
718 392 773 453 Ba·

91 492 211 542 tauum,
236 473 267 531 in
286 470 372 531 verba
391 471 551 532 Galliarum
571 471 689 555 adegit,
706 470 774 533 fisus

89 554 304 615 Germanorum
336 553 466 633 opibus3
497 561 524 613 δι
557 553 582 612 si
609 553 774 614 certandum

92 634 223 695 adversus
239 634 341 693 Gallos
363 633 398 693 de
419 634 592 713 possessione
609 654 699 694 rerum
719 635 772 695 fo·

92 734 156 786 ret,
174 715 295 795 inclytus
321 710 422 785 fami,
443 722 470 775 &
491 715 593 793 potior.
613 714 775 779 Mummius

93 796 259 875 Lupercus,
293 796 401 879 legatus
427 793 571 877 legionis,
595 798 668 855 inter
698 797 776 861 dona

95 879 195 937 missus
213 876 340 937 Veledae.
366 877 410 937 Ea
431 876 514 959 virgo
542 879 666 938 nationis
688 878 776 939 Bruc-

94 977 177 1029 τετε,
194 958 251 1017 late
271 956 471 1039 imperitabat,
489 976 581 1017 vetere
605 958 681 1038 apud
701 960 777 1021 Ger·

97 1060 199 1099 manos
226 1060 325 1110 more,
352 1060 410 1119 quo
438 1038 582 1119 plerasque
605 1038 776 1103 feminarum

98 1118 248 1191 fatidicas,
267 1128 294 1181 &
316 1137 480 1197 augescente
504 1116 713 1198 superstitione,
731 1144 780 1182 arb

97 1201 236 1261 birrantur
256 1198 329 1261 deas.
350 1198 489 1281 Tuncque
510 1199 628 1260 Veledae
649 1205 776 1262 rudiori-

98 1282 166 1341 ritas
189 1280 341 1341 adolevit:
366 1302 435 1343 nam
456 1302 603 1356 prosperas
630 1282 779 1345 Germanis

101 1384 162 1433 res,
184 1360 210 1423 {a
229 1364 364 1423 excidium
381 1364 516 1442 legionum
535 1361 703 1441 praedixerat.
723 1364 779 1426 Sed

101 1444 241 1537 Lupercus
261 1445 291 1503 in
311 1445 408 1503 itinere
425 1442 594 1503 interfectus.
614 1445 702 1505 Pauci
717 1467 781 1508 cen·

100 1542 246 1585 turronunr
259 1524 489 1606 tribunorumque
507 1526 537 1583 in
554 1524 651 1587 Gallia
689 1530 757 1587 eniti
767 1575 780 1601 ,

102 1625 304 1677 reservantur,
343 1608 371 1687 pi
393 1627 445 1667 nus
483 1608 634 1668 societatis.
667 1548 781 1669 {ohor-

102 1688 197 1759 tium,
222 1688 349 1759 alarum,
373 1627 545 1771 legionum,
570 1686 688 1749 hiberna
714 1690 782 1749 sub-

103 1788 184 1830 versa
219 1788 395 1850 cremataque
425 1791 431 1827 :
460 1770 494 1830 iis
524 1787 634 1830 tantum
658 1770 781 1845 relictis,

102 1871 167 1932 quae
184 1851 365 1935 Magoutiaci
382 1871 415 1910 ac
436 1848 617 1911 Vindonissa:
635 1853 688 1911 sita
708 1872 781 1914 sunt.

106 1965 108 1970 ·
144 1933 241 1994 LXII.
264 1933 355 2014 Legio
374 1931 566 1992 tertiadecima
585 1953 651 1992 cum
672 1934 783 1994 auxiliis

105 2015 194 2074 simul
221 2013 347 2083 deditis,
377 2013 547 2072 aNovesio
575 2014 605 2072 in
638 2014 784 2075 coloniam

106 2094 296 2158 Treverorum
318 2091 473 2177 transgredi
497 2095 627 2174 jubetur,
650 2093 784 2175 prefiniti

107 2175 177 2248 die,
191 2180 265 2238 intra
276 2196 362 2259 quam
379 2173 470 2235 castris
484 2176 635 2236 excederet.
650 2177 783 2238 Medium

108 2279 197 2318 omne
222 2277 353 2338 tempus,
381 2258 542 2336 pervarias
569 2277 654 2318 curas
669 2280 749 2342 egere
773 2281 783 2317 r

110 2341 309 2422 ignavissimus
323 2340 462 2420 quisque,
482 2359 614 2400 casotum
635 2341 709 2419 apud
725 2341 785 2398 Ve-

110 2439 171 2484 tera
197 2422 326 2502 exemplo
339 2467 351 2490 ‚
383 2438 539 2520 faventem
570 2422 672 2480 melior
699 2442 784 2502 pars,

112 2504 213 2564 rubore
231 2513 259 2564 &
279 2501 418 2572 infamia,
442 2502 519 2578 quale
541 2502 613 2562 illud
633 2503 703 2573 iter,
723 2503 786 2580 quir

107 2588 170 2646 ‘dux
181 2589 256 2648 via?
274 2586 301 2647 ἃ
317 2585 408 2644 omnia
423 2583 453 2641 in
467 2581 582 2644 arbitrio
595 2605 703 2654 eorum,
718 2591 785 2661 quo's

114 2671 181 2729 vita
192 2670 314 2746 necisque
327 2664 450 2727 dominos
456 2663 600 2740 ficissent.
616 2664 695 2737 Alii,
708 2661 786 2725 nulli

114 2747 258 2811 dedecoris
284 2746 370 2817 curri,
397 2745 546 2826 pecuniam
572 2766 621 2810 aut
644 2748 786 2808 carissima
