2100 3650
163 379 166 385 ·
231 349 724 426 Hirronmnvnmnstr.
753 365 817 444 245

141 475 251 536 motari
282 497 404 558 pacem,
438 475 540 536 domos
574 495 689 557 arasque
727 495 823 534 cruore

142 557 250 618 foedare
285 580 294 615 t
325 577 452 639 suprema
485 559 569 618 vistis
599 558 699 616 solatia
735 575 820 615 conrb

144 639 345 720 pletiebantur.
382 639 471 698 Multi
501 640 704 709 semianimes,
725 653 823 720 -supe'r

144 729 277 782 turres&
299 719 513 804 propugnacula
536 720 674 778 moenium
695 720 822 798 exspiro*

144 821 217 862 vere.
249 801 402 862 Convulsis
429 802 537 881 portis,
571 800 691 882 reliquus
720 799 823 884 globus

143 883 249 943 obtulit
268 903 297 942 se
317 881 471 943 victoribus
493 907 500 941 r
524 891 553 942 δι
577 883 700 942 cecidere
723 903 823 944 omnes

143 965 291 1024 contrariis
316 964 497 1033 vulneribus,
528 966 600 1024 versi
625 965 655 1023 in
680 961 787 1043 hostem
813 987 820 1022 r

143 1067 179 1105 ea
205 1067 270 1108 cura
294 1044 380 1106 etiarn
406 1045 592 1109 morientibus
617 1045 712 1106 decori
734 1044 823 1107 exitiis

142 1125 206 1187 fuit

184 1207 337 1268 LXXXV,
365 1209 519 1280 Vitellius,
546 1204 627 1288 capti
658 1208 745 1280 urbe,
775 1225 824 1289 pet

142 1312 271 1351 aversam
292 1291 391 1370 palatii
413 1310 544 1371 partem,
569 1291 767 1362 Aventinum,
792 1293 823 1352 in

143 1371 264 1432 domum
286 1372 379 1430 uxoris
399 1415 411 1442 ,
435 1371 533 1430 sellulis
557 1370 680 1430 defertur
692 1395 701 1442 3
728 1391 779 1443 ut,
799 1375 824 1432 s'i

142 1453 222 1513 diem
249 1450 356 1512 latebris
382 1453 545 1523 vitavisstt,
575 1451 761 1514 Tarracinam
785 1454 822 1515 ad

145 1532 276 1592 cohortes
313 1531 482 1616 fratremque
518 1533 685 1618 perfugeret.
721 1535 822 1607 Dein,

144 1616 305 1675 mobilitate
325 1615 450 1698 ingenii,
471 1623 498 1676 &
513 1637 574 1696 quae
593 1636 692 1677 natura
712 1619 823 1696 pavoris
850 1649 853 1652 ·
919 1645 922 1650 ·

142 1694 202 1769 est,
233 1717 321 1778 quum
357 1697 455 1756 omnia
486 1699 650 1768 metuenti,
679 1700 824 1776 praesentia

144 1780 270 1839 maximi
293 1778 490 1859 displicerent,
512 1779 543 1839 in
567 1778 702 1858 palatium
725 1799 821 1861 regre-

144 1860 236 1931 ditur,
252 1858 361 1920 vastum
375 1860 589 1939 desertumque:
606 1860 719 1940 dilapsis
737 1862 823 1921 etiam

144 1940 253 2000 infimis
277 1942 480 2010 servitiorum,
511 1960 559 2000 aut
589 1960 735 2001 occursum
766 1948 823 2021 ejus

144 2021 362 2083 declinantibus.
386 2017 485 2082 Terret
505 2021 650 2094 solitudo,
672 2032 698 2083 &
718 2042 821 2089 ,tacen-

144 2110 185 2166 tes
198 2105 254 2163 loci
268 2128 275 2161 ε
290 2122 378 2164 tentat
388 2104 481 2164 clausa
496 2126 504 2160 :
523 2100 689 2165 inhorrescit
701 2106 797 2165 vacuis
810 2128 820 2164 τ

143 2184 287 2268 fessusque
310 2186 414 2246 misero
438 2205 549 2258 errore,
577 2194 605 2246 &
626 2184 756 2265 pudendi
777 2188 821 2247 la·

142 2267 221 2327 tebni
237 2287 326 2329 semet
348 2268 508 2339 occultans,
524 2268 562 2326 ab
585 2268 661 2327 Julio
682 2267 798 2327 Placido
809 2316 822 2341 ,

143 2350 258 2409 tribuno
281 2347 449 2421 cohortis,
489 2346 667 2430 protrahitur.
707 2348 821 2409 Vindice

144 2450 219 2510 pone
242 2450 351 2512 tergum
375 2450 475 2490 manus
494 2453 502 2486 r
523 2428 629 2489 laniati
653 2428 747 2500 veste,
768 2428 823 2489 foe-

145 2511 214 2571 dum
233 2513 443 2591 spediaculum,
467 2509 637 2583 ducebatur,
659 2511 753 2570 multis
773 2512 821 2571 in·

143 2594 344 2673 crepantibus,
365 2593 444 2651 nullo
467 2592 670 2674 inlacrprnnnte
692 2615 699 2649 ι
725 2590 821 2651 defor-

141 2694 227 2736 mitas
241 2672 328 2733 exitiis
341 2673 560 2733 misericordiam
578 2671 735 2733 abstulerat.
753 2673 822 2733 Ob·
896 2692 898 2698 ·

141 2757 204 2814 vius
232 2775 247 2814 e
278 2755 456 2815 Germanicis
482 2755 640 2826 militibus,
668 2754 819 2814 Vitellium

143 2834 245 2897 infesto
265 2838 342 2912 icio,
363 2858 412 2919 per
430 2838 521 2911 ham,
542 2836 586 2901 vel
607 2833 821 2978 qpbumaturiris

666 2938 697 2999 up
