2100 3650
246 364 316 435 154
368 340 405 412 C.
434 310 795 412 Conm'TAerrr

241 485 330 545 opum
354 462 497 541 spestabat
528 485 534 519 :
567 463 670 542 passim
695 461 881 533 delationes3
903 469 935 524 Sc

241 545 476 625 locupletissimus
500 545 620 624 quisque
646 545 676 604 ln
707 542 832 622 praedam
855 565 930 602 cor-

242 628 315 706 repti
332 651 339 684 :
359 645 421 706 quae
435 626 532 708 gravia
549 643 632 706 arque
654 624 856 694 intoleranda,
879 625 932 686 sed

243 725 407 779 necessitate
434 726 578 766 armorum
611 724 759 776 excusata,
782 723 872 765 enam
900 725 931 766 ιιι

244 809 314 870 pace
328 808 475 858 mansere3
491 789 553 867 ipso
564 788 758 866 Vespasiano,
778 788 851 846 inter
865 789 931 846 ini-⁴

245 871 285 928 tia
301 871 430 948 imperii,
448 867 485 928 ad
496 867 662 928 obtinendas
673 869 836 950 iniquitates
851 865 933 930 haud

244 950 359 1031 perinde
392 948 551 1010 obllinante
585 973 592 1006 :
622 948 713 1008 donec
747 949 932 1034 indulgenti-d

246 1030 384 1102 fortunae,
401 1039 427 1091 δι
447 1034 539 1111 pravis
558 1029 715 1114 magistris,
736 1029 857 1101 didicit,
875 1053 932 1092 au-

246 1133 345 1193 susque
368 1109 414 1170 est
437 1113 560 1192 Propriis
588 1113 702 1192 quoq'ue
728 1113 831 1192 opibus
854 1113 932 1173 Mu·

245 1195 344 1255 cianus
377 1193 484 1253 bellum
512 1193 613 1272 ¹juvit,
645 1194 739 1276 largus
769 1195 932 1272 privatim,

247 1275 327 1356 quod
353 1274 461 1336 aviditis
488 1273 523 1335 de
547 1272 642 1353 repub.
675 1293 802 1334 sumeret.
830 1275 935 1336 Ceteri

246 1355 481 1415 conferendarum
505 1356 686 1436 pecuniarum
707 1357 867 1436 exemplum
891 1379 936 1417 se-

248 1439 326 1508 cuti3
346 1438 499 1496 rarissimus
513 1438 631 1518 quisque
652 1437 783 1497 eamdem
801 1439 832 1498 in
852 1442 932 1498 reci-

246 1517 372 1604 perando
390 1519 535 1579 licentiam
555 1516 720 1578 habuerunt.

291 1598 443 1660 LXXXV.
478 1598 645 1660 Adcelerata
676 1601 788 1658 interim
816 1599 935 1680 Vespa·

248 1680 324 1741 siani
354 1701 446 1760 coepta
464 1727 477 1752 ,
513 1679 619 1760 lllyrici
650 1678 783 1741 exercitiis
810 1679 936 1756 studio,

251 1764 413 1847 transgressi
433 1764 463 1822 in
484 1779 583 1841 partes.
607 1761 705 1820 Tertia
726 1763 803 1847 legio
827 1783 932 1822 exem-

251 1845 330 1925 plum
357 1847 452 1905 ceteris
476 1844 586 1903 Moesiae
613 1844 773 1927 legionibus
800 1845 932 1924 praebuit.

168 1984 172 2006 ,
252 1925 364 1985 Odiana
383 1945 442 1985 erat
464 1946 498 1984 ac
518 1926 638 2005 septima
659 1924 846 1997 Claudiana,
868 1929 931 1987 im-

252 2006 325 2065 butae
351 2006 447 2065 favore
476 2003 635 2075 Othonis,
665 2009 795 2086 quamvis
827 2010 933 2087 proelio

252 2108 311 2146 non
333 2086 530 2147 interfuissent.
558 2087 721 2149 Auileiam
753 2108 933 2169 progressae,

252 2167 439 2247 proturbatis,
462 2170 512 2248 qui
532 2166 567 2226 de
622 2165 714 2228 thone·
731 2170 932 2243 nunciabant,

252 2248 435 2329 laceratisque
454 2249 583 2319 vexillis,
601 2270 707 2309 nomen
734 2250 850 2310 Vitellii
867 2274 933 2331 prae-

253 2327 427 2399 ferentibus,
455 2329 535 2410 raptlt
563 2328 704 2409 postremb
734 2329 880 2409 pecuniis,¹
903 2342 934 2393 δι

252 2414 326 2473 inter
354 2420 382 2471 se
406 2409 510 2483 divisi,
534 2408 670 2471 hostiliter
695 2431 817 2495 egerant.
841 2413 933 2475 Unde

252 2514 364 2562 metus,
378 2501 405 2553 δι
416 2500 450 2553 'ex
462 2511 539 2552 metu
555 2493 703 2552 consilium
720 2516 727 2548 ι
738 2516 822 2567 posse
840 2496 933 2570 impu-

252 2576 309 2633 tari
328 2575 518 2647 Vespasiano,
529 2597 585 2652 quc
598 2579 670 2648 apud
691 2574 838 2634 Vitellium
854 2600 933 2635 excu-

253 2657 342 2713 sanda
361 2674 447 2715 erant.
464 2656 507 2715 lta
522 2672 577 2715 tres
595 2656 722 2716 Moesicae
740 2656 867 2739 legiones
883 2678 935 2737 per

254 2733 381 2813 epistolas
404 2735 575 2797 adliciebant
597 2736 793 2796 Pannonicum
819 2740 932 2795 exerci-

254 2832 338 2888 tum,
361 2836 411 2878 aut
430 2818 566 2881 abnuenti
584 2818 644 2881 vim
669 2818 815 2901 parabant.
838 2818 874 2881 ln
894 2840 932 2879 eo
