2100 3650
212 320 523 389 Hrsroutettunt
545 320 630 389 Ltu.
654 320 722 389 IV.
752 342 817 409 325

140 440 279 514 proximis
299 441 435 517 ingntunt.
462 438 605 579 guomodo
620 439 795 520 sterilitatem
807 484 820 509 ,

143 540 194 579 aut
210 520 312 579 nimios
328 520 444 589 imbres,
502 538 590 579 cetera
604 539 708 580 nature
723 522 798 579 mala
805 541 820 591 ‚·

142 602 187 659 ita
205 602 319 671 lustum,
332 601 382 662 uel
396 602 548 661 avaritiam
566 602 764 661 dominantium
776 620 820 660 to·

143 681 238 741 lerate.
268 682 350 741 Vitia
371 699 469 751 erunt,
493 684 580 741 donee
598 682 722 744 honum
739 705 751 740 t
770 686 821 742 sed

143 783 227 839 neque
240 761 295 821 lene
305 763 452 831 continua,
469 759 496 823 θ
511 764 651 822 meliorum
664 764 821 823 interventu

139 862 295 917 pensantur
315 866 325 902 .·
345 844 404 903 nisi
414 842 512 920 forti,
533 843 632 904 Tutore
653 841 681 905 ἃ
698 846 821 905 Classico

145 922 338 1003 regnantibus,
350 924 515 983 moderatius
527 925 671 999 imperium
680 925 822 999 speretis5

111 1050 114 1057 .
145 1023 195 1063 aut
212 1005 361 1065 minoribus
372 1003 474 1081 ,quiem
494 1027 586 1075 nune,
605 1006 716 1065 tributis
733 1029 821 1080 para·

145 1083 245 1145 buntur
255 1088 406 1155 exereitus,
419 1084 514 1163 qutibus
529 1086 662 1146 Gemenni
677 1088 823 1147 Britanni-

146 1188 195 1242 que
213 1186 364 1227 arceantur.
386 1167 464 1227 Num
475 1168 568 1240 pulsis
587 1169 681 1243 (quod
696 1170 740 1227 dii
747 1190 819 1242 pm·

145 1246 256 1307 ltibednt
264 1253 284 1327 )
295 1247 449 1318 Romanis,
462 1248 529 1323 quid
541 1249 635 1317 uliud,
653 1247 734 1324 quiem
749 1250 822 1309 belle

145 1329 267 1389 omnium
285 1330 359 1388 inter
370 1351 400 1388 se
410 1328 532 1407 gentium
545 1330 700 1410 exsistens?
720 1327 821 1390 Ollin-

143 1427 285 1487 gentorurn
315 1431 447 1471 annorum
478 1410 596 1486 fortuni
623 1411 838 1488 disciplindque'

146 1513 285 1571 compages
305 1490 359 1551 leae
379 1491 480 1551 coaluit
487 1512 501 1563 ,·
523 1511 580 1567 que
598 1493 740 1562 convelli,
758 1495 822 1551 sine

145 1573 233 1632 tuitio
246 1572 477 1642 convellentium,
491 1592 546 1633 non
553 1574 648 1654 potest.
669 1571 728 1633 Sed
740 1572 822 1633 uobis

145 1654 294 1713 maxinuttn
304 1654 472 1721 discrimen,
488 1674 572 1727 penes
590 1675 658 1729 quos
677 1676 772 1713 aunem
792 1651 821 1714 lt

146 1756 230 1807 opes,
253 1737 390 1809 precipue
418 1734 546 1795 bellorum
572 1754 668 1793 cause.
700 1734 823 1797 Proinde

142 1812 276 1890 pacem&
290 1815 401 1887 urbem,
417 1816 497 1892 quim
509 1816 578 1876 viui
589 1816 753 1893 niuemque
770 1839 819 1876 eo-

146 1901 206 1956 dem
222 1899 288 1979 jure
310 1897 481 1966 obtinemus,
503 1907 620 1965 emate,
636 1898 726 1957 colite.
745 1897 819 1956 Mo·

146 1998 229 2040 neunt
245 2001 297 2040 vos
314 1981 450 2055 utriusque
463 1978 583 2055 fstrtune
595 1980 772 2048 documenta,
787 2000 822 2040 ne

146 2062 344 2120 contumatiam
355 2083 414 2120 cum
423 2060 560 2134 pernicie,
573 2057 654 2134 quiem
667 2058 821 2136 obsequium

147 2163 206 2203 curn
219 2143 364 2202 securitate
382 2141 497 2200 malitis.
518 2137 587 2198 Tali
603 2141 732 2200 oratioue
750 2161 820 2224 gra·

146 2225 226 2282 viota
240 2241 394 2284 metuentes
408 2221 588 2300 composuit,
599 2222 749 2301 stetitque.

187 2304 212 2364 L
222 2301 251 2364 X
262 2303 290 2362 X
300 2303 339 2362 V.
365 2300 548 2362 Tenebantur
573 2303 679 2362 victore
702 2303 823 2362 exercitu

147 2383 281 2456 Treveri,
300 2403 389 2465 quum
405 2383 508 2444 Civilis
519 2391 548 2442 δι
561 2380 706 2442 Classicus
721 2384 822 2440 misere

147 2464 277 2546 epistolas
295 2464 332 2524 ad
351 2464 516 2534 Cerialem,
536 2481 656 2543 quatum
674 2459 732 2522 hzc
751 2483 821 2524 seu·

91 2607 93 2611 .
147 2548 235 2606 tentia
254 2545 317 2606 fuit.
340 2546 372 2605 V
368 2545 560 2620 espesianm
573 2565 732 2619 quanquam
750 2566 826 2603 nun-·

147 2631 204 2687 eios
229 2629 418 2697 occultarent,
440 2625 588 2686 excessisse
611 2624 683 2686 uitd.
721 2623 823 2686 llrbem

147 2728 224 2784 atque
233 2709 346 2768 ltaliam
353 2709 459 2766 interno
470 2706 539 2766 bello
549 2723 740 2777 consumptum.
751 2706 825 2764 Mu-
856 2737 860 2741 ·

147 2791 220 2850 ciani
243 2812 276 2850 ue
298 2787 461 2851 Domitiani
481 2808 557 2849 verta
580 2782 607 2847 o
632 2786 693 2846 sine
711 2787 821 2850 uiribus
