<?xml version="1.0" encoding="UTF-8"?>
<!DOCTYPE html PUBLIC "-//W3C//DTD XHTML 1.0 Transitional//EN"
    "http://www.w3.org/TR/xhtml1/DTD/xhtml1-transitional.dtd">
<html xmlns="http://www.w3.org/1999/xhtml" xml:lang="en" lang="en">
 <head>
  <title>
</title>
<meta http-equiv="Content-Type" content="text/html;charset=utf-8" />
  <meta name='ocr-system' content='tesseract 3.04.00' />
  <meta name='ocr-capabilities' content='ocr_page ocr_carea ocr_par ocr_line ocrx_word'/>
</head>
<body>
  <div class='ocr_page' id='page_1' title='image "./ccorneliitaciti00lallgoog_0411.png"; bbox 0 0 2100 3650; ppageno 0'>
   <div class='ocr_carea' id='block_1_1' title="bbox 198 309 801 389">
    <p class='ocr_par' dir='ltr' id='par_1_1' title="bbox 198 309 801 389">
     <span class='ocr_line' id='line_1_1' title="bbox 198 309 801 389; baseline 0.003 -20"><span class='ocrx_word' id='word_1_1' title='bbox 198 309 801 389; x_wconf 71' lang='lat' dir='ltr'>HrsronranuuNorAE.4or</span> 
     </span>
    </p>
   </div>
   <div class='ocr_carea' id='block_1_2' title="bbox 121 415 812 2913">
    <p class='ocr_par' dir='ltr' id='par_1_2' title="bbox 121 415 808 778">
     <span class='ocr_line' id='line_1_2' title="bbox 164 415 808 485; baseline 0.009 -20"><span class='ocrx_word' id='word_1_2' title='bbox 164 433 192 466; x_wconf 81' lang='lat' dir='ltr'>a.</span> <span class='ocrx_word' id='word_1_3' title='bbox 205 415 327 466; x_wconf 76' lang='lat' dir='ltr'>Recitata</span> <span class='ocrx_word' id='word_1_4' title='bbox 343 434 386 483; x_wconf 87' lang='lat' dir='ltr'>pro</span> <span class='ocrx_word' id='word_1_5' title='bbox 407 421 520 466; x_wconf 78' lang='lat' dir='ltr'><em>concione</em></span> <span class='ocrx_word' id='word_1_6' title='bbox 537 419 645 484; x_wconf 71' lang='lat' dir='ltr'>epistole.</span> <span class='ocrx_word' id='word_1_7' title='bbox 663 421 760 485; x_wconf 86' lang='lat' dir='ltr'>Nempe</span> <span class='ocrx_word' id='word_1_8' title='bbox 781 421 808 472; x_wconf 85' lang='lat'>&amp;</span> 
     </span>
     <span class='ocr_line' id='line_1_3' title="bbox 121 489 807 550; baseline 0.004 -9"><span class='ocrx_word' id='word_1_9' title='bbox 121 489 231 542; x_wconf 79' lang='lat' dir='ltr'>Caecinae</span> <span class='ocrx_word' id='word_1_10' title='bbox 249 491 278 540; x_wconf 90' lang='lat' dir='ltr'>ad</span> <span class='ocrx_word' id='word_1_11' title='bbox 289 490 436 550; x_wconf 80' lang='lat' dir='ltr'>Flavianos,</span> <span class='ocrx_word' id='word_1_12' title='bbox 456 491 481 542; x_wconf 79' lang='grc' dir='ltr'>δι</span> <span class='ocrx_word' id='word_1_13' title='bbox 500 492 671 543; x_wconf 81' lang='lat' dir='ltr'>Flavianorum</span> <span class='ocrx_word' id='word_1_14' title='bbox 680 495 711 544; x_wconf 85' lang='lat' dir='ltr'>ad</span> <span class='ocrx_word' id='word_1_15' title='bbox 722 495 807 544; x_wconf 78' lang='lat' dir='ltr'>Caeci·</span> 
     </span>
     <span class='ocr_line' id='line_1_4' title="bbox 121 581 773 614; baseline -0.011 0"><span class='ocrx_word' id='word_1_16' title='bbox 121 582 189 614; x_wconf 76' lang='lat' dir='ltr'>nam.</span> <span class='ocrx_word' id='word_1_17' title='bbox 427 609 429 614; x_wconf 25' lang='lat' dir='ltr'><em>A</em></span> <span class='ocrx_word' id='word_1_18' title='bbox 660 606 662 610; x_wconf 82' lang='lat'>.</span> <span class='ocrx_word' id='word_1_19' title='bbox 771 581 773 585; x_wconf 90' lang='lat'>&#39;</span> 
     </span>
     <span class='ocr_line' id='line_1_5' title="bbox 161 632 807 704; baseline 0.006 -18"><span class='ocrx_word' id='word_1_20' title='bbox 161 637 195 686; x_wconf 88' lang='grc' dir='ltr'>Χ.</span> <span class='ocrx_word' id='word_1_21' title='bbox 214 652 237 687; x_wconf 86' lang='grc'>1.</span> <span class='ocrx_word' id='word_1_22' title='bbox 253 636 286 686; x_wconf 84' lang='lat' dir='ltr'>Er</span> <span class='ocrx_word' id='word_1_23' title='bbox 300 652 327 686; x_wconf 83' lang='lat' dir='ltr'>ut</span> <span class='ocrx_word' id='word_1_24' title='bbox 337 637 482 704; x_wconf 77' lang='lat' dir='ltr'><em>proditionis</em></span> <span class='ocrx_word' id='word_1_25' title='bbox 497 641 534 687; x_wconf 81' lang='lat' dir='ltr'>ira</span> <span class='ocrx_word' id='word_1_26' title='bbox 543 639 645 688; x_wconf 79' lang='lat' dir='ltr'>rnilitum</span> <span class='ocrx_word' id='word_1_27' title='bbox 656 632 701 691; x_wconf 62' lang='grc' dir='ltr'>ὑὲ.</span> <span class='ocrx_word' id='word_1_28' title='bbox 713 639 746 690; x_wconf 85' lang='lat' dir='ltr'>Et</span> <span class='ocrx_word' id='word_1_29' title='bbox 760 639 807 690; x_wconf 86' lang='lat' dir='ltr'>rni-</span> 
     </span>
     <span class='ocr_line' id='line_1_6' title="bbox 122 711 759 778; baseline 0.002 -16"><span class='ocrx_word' id='word_1_30' title='bbox 122 711 195 762; x_wconf 89' lang='lat' dir='ltr'>litum</span> <span class='ocrx_word' id='word_1_31' title='bbox 206 711 258 771; x_wconf 87' lang='lat' dir='ltr'>ira,</span> <span class='ocrx_word' id='word_1_32' title='bbox 271 724 392 776; x_wconf 80' lang='lat' dir='ltr'><strong>tamquam</strong></span> <span class='ocrx_word' id='word_1_33' title='bbox 404 713 436 762; x_wconf 90' lang='lat' dir='ltr'>ob</span> <span class='ocrx_word' id='word_1_34' title='bbox 447 711 632 778; x_wconf 83' lang='lat' dir='ltr'>proditionem,</span> <span class='ocrx_word' id='word_1_35' title='bbox 643 712 759 763; x_wconf 74' lang='lat' dir='ltr'><em>incubuit.</em></span> 
     </span>
    </p>

    <p class='ocr_par' dir='ltr' id='par_1_3' title="bbox 122 783 806 1074">
     <span class='ocr_line' id='line_1_7' title="bbox 159 783 805 853; baseline 0.005 -20"><span class='ocrx_word' id='word_1_36' title='bbox 159 799 186 836; x_wconf 89' lang='lat'>2.</span> <span class='ocrx_word' id='word_1_37' title='bbox 213 783 390 834; x_wconf 82' lang='lat' dir='ltr'>Obturbobatur</span> <span class='ocrx_word' id='word_1_38' title='bbox 403 818 409 834; x_wconf 87' lang='lat'><strong>.</strong></span> <span class='ocrx_word' id='word_1_39' title='bbox 420 820 428 835; x_wconf 87' lang='lat'><strong>.</strong></span> <span class='ocrx_word' id='word_1_40' title='bbox 439 819 446 836; x_wconf 85' lang='lat'><strong>.</strong></span> <span class='ocrx_word' id='word_1_41' title='bbox 457 789 577 853; x_wconf 81' lang='lat' dir='ltr'>Aponius.</span> <span class='ocrx_word' id='word_1_42' title='bbox 594 787 754 850; x_wconf 74' lang='lat' dir='ltr'>Saturninus,</span> <span class='ocrx_word' id='word_1_43' title='bbox 772 786 805 836; x_wconf 82' lang='lat' dir='ltr'>de</span> 
     </span>
     <span class='ocr_line' id='line_1_8' title="bbox 123 856 802 924; baseline 0.004 -17"><span class='ocrx_word' id='word_1_44' title='bbox 123 873 173 924; x_wconf 85' lang='lat' dir='ltr'>quo</span> <span class='ocrx_word' id='word_1_45' title='bbox 186 860 260 923; x_wconf 75' lang='lat' dir='ltr'>suprb</span> <span class='ocrx_word' id='word_1_46' title='bbox 272 872 297 921; x_wconf 89' lang='lat'>9.</span> <span class='ocrx_word' id='word_1_47' title='bbox 306 856 375 907; x_wconf 76' lang='lat' dir='ltr'>Mare</span> <span class='ocrx_word' id='word_1_48' title='bbox 385 857 517 911; x_wconf 75' lang='lat' dir='ltr'>Rhenanus</span> <span class='ocrx_word' id='word_1_49' title='bbox 526 875 617 909; x_wconf 86' lang='lat' dir='ltr'>nomen</span> <span class='ocrx_word' id='word_1_50' title='bbox 629 860 744 920; x_wconf 84' lang='lat' dir='ltr'>delebat,</span> <span class='ocrx_word' id='word_1_51' title='bbox 756 877 802 910; x_wconf 91' lang='lat' dir='ltr'>nec</span> 
     </span>
     <span class='ocr_line' id='line_1_9' title="bbox 122 931 806 999; baseline 0 -17"><span class='ocrx_word' id='word_1_52' title='bbox 122 934 189 982; x_wconf 84' lang='lat' dir='ltr'>bene</span> <span class='ocrx_word' id='word_1_53' title='bbox 202 931 310 982; x_wconf 84' lang='lat' dir='ltr'>Pichena</span> <span class='ocrx_word' id='word_1_54' title='bbox 329 931 404 983; x_wconf 83' lang='lat' dir='ltr'>edidit</span> <span class='ocrx_word' id='word_1_55' title='bbox 417 932 572 999; x_wconf 80' lang='lat' dir='ltr'>Aponianus,</span> <span class='ocrx_word' id='word_1_56' title='bbox 588 933 619 982; x_wconf 90' lang='lat' dir='ltr'>de</span> <span class='ocrx_word' id='word_1_57' title='bbox 636 933 717 984; x_wconf 81' lang='lat' dir='ltr'>Dillio</span> <span class='ocrx_word' id='word_1_58' title='bbox 731 934 806 983; x_wconf 83' lang='lat' dir='ltr'>intel·</span> 
     </span>
     <span class='ocr_line' id='line_1_10' title="bbox 122 1007 215 1074; baseline 0.011 -19"><span class='ocrx_word' id='word_1_59' title='bbox 122 1007 215 1074; x_wconf 83' lang='lat' dir='ltr'>ligcns.</span> 
     </span>
    </p>

    <p class='ocr_par' dir='ltr' id='par_1_4' title="bbox 122 1075 806 1872">
     <span class='ocr_line' id='line_1_11' title="bbox 164 1075 806 1147; baseline 0.003 -19"><span class='ocrx_word' id='word_1_60' title='bbox 164 1095 189 1145; x_wconf 81' lang='lat'>3.</span> <span class='ocrx_word' id='word_1_61' title='bbox 206 1075 327 1143; x_wconf 79' lang='lat' dir='ltr'>Profec&#39;ins</span> <span class='ocrx_word' id='word_1_62' title='bbox 340 1114 347 1130; x_wconf 90' lang='lat'><strong>.</strong></span> <span class='ocrx_word' id='word_1_63' title='bbox 358 1118 365 1133; x_wconf 90' lang='lat'><strong>.</strong></span> <span class='ocrx_word' id='word_1_64' title='bbox 375 1115 382 1130; x_wconf 89' lang='lat'><strong>.</strong></span> <span class='ocrx_word' id='word_1_65' title='bbox 393 1077 535 1132; x_wconf 77' lang='lat' dir='ltr'>Flavianus.</span> <span class='ocrx_word' id='word_1_66' title='bbox 551 1080 679 1130; x_wconf 74' lang='lat' dir='ltr'>flavianus</span> <span class='ocrx_word' id='word_1_67' title='bbox 694 1081 806 1147; x_wconf 80' lang='lat' dir='ltr'>suscepit</span> 
     </span>
     <span class='ocr_line' id='line_1_12' title="bbox 123 1150 805 1220; baseline 0.001 -19"><span class='ocrx_word' id='word_1_68' title='bbox 123 1150 176 1206; x_wconf 91' lang='lat' dir='ltr'>iter</span> <span class='ocrx_word' id='word_1_69' title='bbox 187 1153 216 1202; x_wconf 88' lang='lat' dir='ltr'>ad</span> <span class='ocrx_word' id='word_1_70' title='bbox 227 1154 377 1220; x_wconf 82' lang='lat' dir='ltr'>principem,</span> <span class='ocrx_word' id='word_1_71' title='bbox 390 1165 417 1202; x_wconf 89' lang='lat' dir='ltr'>ut</span> <span class='ocrx_word' id='word_1_72' title='bbox 428 1154 452 1204; x_wconf 90' lang='lat' dir='ltr'>ei</span> <span class='ocrx_word' id='word_1_73' title='bbox 463 1170 491 1204; x_wconf 84' lang='lat' dir='ltr'>se</span> <span class='ocrx_word' id='word_1_74' title='bbox 510 1171 593 1205; x_wconf 86' lang='lat' dir='ltr'>coram</span> <span class='ocrx_word' id='word_1_75' title='bbox 612 1167 730 1220; x_wconf 82' lang='lat' dir='ltr'>purgarer</span> <span class='ocrx_word' id='word_1_76' title='bbox 740 1171 748 1204; x_wconf 73' lang='grc' dir='ltr'><em>τ</em></span> <span class='ocrx_word' id='word_1_77' title='bbox 759 1154 805 1203; x_wconf 80' lang='lat' dir='ltr'>sed</span> 
     </span>
     <span class='ocr_line' id='line_1_13' title="bbox 122 1226 804 1290; baseline 0.001 -14"><span class='ocrx_word' id='word_1_78' title='bbox 122 1227 201 1278; x_wconf 84' lang='lat' dir='ltr'>homo</span> <span class='ocrx_word' id='word_1_79' title='bbox 217 1229 303 1276; x_wconf 71' lang='lat' dir='ltr'>aaroni</span> <span class='ocrx_word' id='word_1_80' title='bbox 313 1245 341 1276; x_wconf 87' lang='lat' dir='ltr'>ac</span> <span class='ocrx_word' id='word_1_81' title='bbox 357 1226 447 1276; x_wconf 61' lang='lat' dir='ltr'>senefia?</span> <span class='ocrx_word' id='word_1_82' title='bbox 463 1228 598 1290; x_wconf 77' lang='lat' dir='ltr'>cuniiaror,</span> <span class='ocrx_word' id='word_1_83' title='bbox 613 1238 642 1276; x_wconf 91' lang='lat' dir='ltr'>ut</span> <span class='ocrx_word' id='word_1_84' title='bbox 656 1229 804 1277; x_wconf 83' lang='lat' dir='ltr'>describitur</span> 
     </span>
     <span class='ocr_line' id='line_1_14' title="bbox 123 1301 804 1366; baseline 0.003 -16"><span class='ocrx_word' id='word_1_85' title='bbox 123 1303 202 1365; x_wconf 76' lang='lat' dir='ltr'>auprb</span> <span class='ocrx_word' id='word_1_86' title='bbox 213 1317 238 1364; x_wconf 82' lang='lat'>4.</span> <span class='ocrx_word' id='word_1_87' title='bbox 249 1317 294 1366; x_wconf 84' lang='lat' dir='ltr'>per</span> <span class='ocrx_word' id='word_1_88' title='bbox 305 1301 461 1351; x_wconf 88' lang='lat' dir='ltr'>commodum</span> <span class='ocrx_word' id='word_1_89' title='bbox 479 1317 549 1350; x_wconf 87' lang='lat' dir='ltr'>suum</span> <span class='ocrx_word' id='word_1_90' title='bbox 567 1302 591 1350; x_wconf 91' lang='lat' dir='ltr'>in</span> <span class='ocrx_word' id='word_1_91' title='bbox 602 1301 665 1350; x_wconf 84' lang='lat' dir='ltr'>viam</span> <span class='ocrx_word' id='word_1_92' title='bbox 682 1318 709 1351; x_wconf 88' lang='lat' dir='ltr'>se</span> <span class='ocrx_word' id='word_1_93' title='bbox 727 1301 804 1352; x_wconf 80' lang='lat' dir='ltr'>dedic.</span> 
     </span>
     <span class='ocr_line' id='line_1_15' title="bbox 124 1371 804 1441; baseline -0.001 -16"><span class='ocrx_word' id='word_1_94' title='bbox 124 1371 206 1425; x_wconf 66' lang='lat' dir='ltr'>Cibus</span> <span class='ocrx_word' id='word_1_95' title='bbox 217 1375 290 1441; x_wconf 86' lang='lat' dir='ltr'>igitur</span> <span class='ocrx_word' id='word_1_96' title='bbox 302 1376 391 1424; x_wconf 77' lang='lat' dir='ltr'>litterae</span> <span class='ocrx_word' id='word_1_97' title='bbox 404 1387 453 1424; x_wconf 80' lang='lat' dir='ltr'>cum</span> <span class='ocrx_word' id='word_1_98' title='bbox 466 1374 554 1440; x_wconf 87' lang='lat' dir='ltr'>quibus</span> <span class='ocrx_word' id='word_1_99' title='bbox 565 1377 739 1435; x_wconf 76' lang='lat' dir='ltr'>accusabatur,</span> <span class='ocrx_word' id='word_1_100' title='bbox 751 1386 804 1424; x_wconf 88' lang='lat' dir='ltr'>tum</span> 
     </span>
     <span class='ocr_line' id='line_1_16' title="bbox 123 1447 804 1516; baseline 0.001 -20"><span class='ocrx_word' id='word_1_101' title='bbox 123 1447 212 1512; x_wconf 83' lang='lat' dir='ltr'>quibus</span> <span class='ocrx_word' id='word_1_102' title='bbox 232 1450 397 1498; x_wconf 82' lang='lat' dir='ltr'>excusabatur</span> <span class='ocrx_word' id='word_1_103' title='bbox 410 1486 416 1509; x_wconf 87' lang='lat'>,</span> <span class='ocrx_word' id='word_1_104' title='bbox 429 1448 458 1497; x_wconf 89' lang='lat' dir='ltr'>ad</span> <span class='ocrx_word' id='word_1_105' title='bbox 477 1447 660 1512; x_wconf 84' lang='lat' dir='ltr'>Vespasianum</span> <span class='ocrx_word' id='word_1_106' title='bbox 677 1463 804 1516; x_wconf 82' lang='lat' dir='ltr'>pervene-</span> 
     </span>
     <span class='ocr_line' id='line_1_17' title="bbox 123 1519 804 1587; baseline 0 -17"><span class='ocrx_word' id='word_1_107' title='bbox 123 1519 234 1578; x_wconf 85' lang='lat' dir='ltr'>runt‚&amp;</span> <span class='ocrx_word' id='word_1_108' title='bbox 250 1523 361 1586; x_wconf 86' lang='lat' dir='ltr'>utrisque</span> <span class='ocrx_word' id='word_1_109' title='bbox 377 1521 504 1586; x_wconf 70' lang='lat' dir='ltr'>perpensis</span> <span class='ocrx_word' id='word_1_110' title='bbox 521 1523 635 1587; x_wconf 86' lang='lat' dir='ltr'>princeps</span> <span class='ocrx_word' id='word_1_111' title='bbox 655 1538 710 1570; x_wconf 91' lang='lat' dir='ltr'>eum</span> <span class='ocrx_word' id='word_1_112' title='bbox 726 1520 804 1570; x_wconf 82' lang='lat' dir='ltr'>statim</span> 
     </span>
     <span class='ocr_line' id='line_1_18' title="bbox 122 1594 804 1660; baseline -0.006 -14"><span class='ocrx_word' id='word_1_113' title='bbox 122 1595 246 1652; x_wconf 78' lang='lat' dir='ltr'>absolvit,</span> <span class='ocrx_word' id='word_1_114' title='bbox 260 1595 422 1660; x_wconf 76' lang='lat' dir='ltr'>periculoque</span> <span class='ocrx_word' id='word_1_115' title='bbox 435 1594 542 1655; x_wconf 82' lang='lat' dir='ltr'>exemit,</span> <span class='ocrx_word' id='word_1_116' title='bbox 554 1594 651 1658; x_wconf 83' lang='lat' dir='ltr'>scriptis</span> <span class='ocrx_word' id='word_1_117' title='bbox 660 1594 687 1644; x_wconf 77' lang='grc' dir='ltr'>δι</span> <span class='ocrx_word' id='word_1_118' title='bbox 697 1595 750 1658; x_wconf 88' lang='lat' dir='ltr'>ipse</span> <span class='ocrx_word' id='word_1_119' title='bbox 762 1596 804 1643; x_wconf 90' lang='lat' dir='ltr'>lit·</span> 
     </span>
     <span class='ocr_line' id='line_1_19' title="bbox 123 1667 804 1733; baseline -0.001 -17"><span class='ocrx_word' id='word_1_120' title='bbox 123 1668 204 1728; x_wconf 81' lang='lat' dir='ltr'>teris,</span> <span class='ocrx_word' id='word_1_121' title='bbox 221 1685 274 1733; x_wconf 85' lang='lat' dir='ltr'>quae</span> <span class='ocrx_word' id='word_1_122' title='bbox 293 1667 409 1717; x_wconf 74' lang='lat' dir='ltr'>Flauiano</span> <span class='ocrx_word' id='word_1_123' title='bbox 430 1669 507 1716; x_wconf 79' lang='lat' dir='ltr'>adbuc</span> <span class='ocrx_word' id='word_1_124' title='bbox 523 1668 704 1733; x_wconf 66' lang='lat' dir='ltr'>profeiiionem</span> <span class='ocrx_word' id='word_1_125' title='bbox 722 1667 804 1716; x_wconf 86' lang='lat' dir='ltr'>conti·</span> 
     </span>
     <span class='ocr_line' id='line_1_20' title="bbox 123 1739 804 1803; baseline -0.003 -11"><span class='ocrx_word' id='word_1_126' title='bbox 123 1741 245 1803; x_wconf 84' lang='lat' dir='ltr'>nuantiin</span> <span class='ocrx_word' id='word_1_127' title='bbox 256 1742 295 1790; x_wconf 83' lang='lat' dir='ltr'>via</span> <span class='ocrx_word' id='word_1_128' title='bbox 307 1752 477 1790; x_wconf 82' lang='lat' dir='ltr'>occurrerunt.</span> <span class='ocrx_word' id='word_1_129' title='bbox 487 1740 523 1790; x_wconf 82' lang='lat' dir='ltr'>lta</span> <span class='ocrx_word' id='word_1_130' title='bbox 536 1740 680 1792; x_wconf 83' lang='lat' dir='ltr'>Gronovius</span> <span class='ocrx_word' id='word_1_131' title='bbox 689 1739 804 1790; x_wconf 85' lang='lat' dir='ltr'>Tacitum</span> 
     </span>
     <span class='ocr_line' id='line_1_21' title="bbox 124 1815 458 1872; baseline 0.003 -8"><span class='ocrx_word' id='word_1_132' title='bbox 124 1825 210 1865; x_wconf 83' lang='lat' dir='ltr'>tuetur</span> <span class='ocrx_word' id='word_1_133' title='bbox 227 1828 312 1865; x_wconf 79' lang='lat' dir='ltr'>contra</span> <span class='ocrx_word' id='word_1_134' title='bbox 331 1815 458 1872; x_wconf 76' lang='lat' dir='ltr'>Savilium.</span> 
     </span>
    </p>

    <p class='ocr_par' dir='ltr' id='par_1_5' title="bbox 122 1886 804 2030">
     <span class='ocr_line' id='line_1_22' title="bbox 161 1886 804 1955; baseline 0.003 -16"><span class='ocrx_word' id='word_1_135' title='bbox 161 1889 206 1939; x_wconf 88' lang='grc' dir='ltr'>ΧΙ.</span> <span class='ocrx_word' id='word_1_136' title='bbox 222 1905 245 1939; x_wconf 88' lang='lat' dir='ltr'>r.</span> <span class='ocrx_word' id='word_1_137' title='bbox 260 1888 410 1940; x_wconf 76' lang='lat' dir='ltr'>Vacontium.</span> <span class='ocrx_word' id='word_1_138' title='bbox 424 1890 534 1954; x_wconf 83' lang='lat' dir='ltr'>Quarum</span> <span class='ocrx_word' id='word_1_139' title='bbox 544 1886 720 1955; x_wconf 84' lang='lat' dir='ltr'>hypocaustum</span> <span class='ocrx_word' id='word_1_140' title='bbox 732 1888 804 1941; x_wconf 88' lang='lat' dir='ltr'>nullo</span> 
     </span>
     <span class='ocr_line' id='line_1_23' title="bbox 122 1962 358 2030; baseline -0.008 -17"><span class='ocrx_word' id='word_1_141' title='bbox 122 1962 182 2030; x_wconf 84' lang='lat' dir='ltr'>igne</span> <span class='ocrx_word' id='word_1_142' title='bbox 203 1978 358 2013; x_wconf 84' lang='lat' dir='ltr'>succensum.</span> 
     </span>
    </p>

    <p class='ocr_par' dir='ltr' id='par_1_6' title="bbox 124 2033 812 2379">
     <span class='ocr_line' id='line_1_24' title="bbox 161 2033 804 2101; baseline 0.002 -16"><span class='ocrx_word' id='word_1_143' title='bbox 161 2036 220 2087; x_wconf 81' lang='grc' dir='ltr'>ΧΠ.</span> <span class='ocrx_word' id='word_1_144' title='bbox 238 2053 261 2088; x_wconf 86' lang='lat'>1.</span> <span class='ocrx_word' id='word_1_145' title='bbox 274 2033 368 2085; x_wconf 80' lang='lat' dir='ltr'>Bassus</span> <span class='ocrx_word' id='word_1_146' title='bbox 382 2035 497 2085; x_wconf 70' lang='lat' dir='ltr'>honorarii</span> <span class='ocrx_word' id='word_1_147' title='bbox 514 2034 626 2095; x_wconf 76' lang='lat' dir='ltr'>custodiri.</span> <span class='ocrx_word' id='word_1_148' title='bbox 644 2036 741 2101; x_wconf 66' lang='lat' dir='ltr'>Quaerit</span> <span class='ocrx_word' id='word_1_149' title='bbox 757 2036 804 2086; x_wconf 82' lang='lat' dir='ltr'>Sa·</span> 
     </span>
     <span class='ocr_line' id='line_1_25' title="bbox 124 2108 808 2175; baseline 0.001 -16"><span class='ocrx_word' id='word_1_150' title='bbox 124 2108 201 2159; x_wconf 79' lang='lat' dir='ltr'>vilius</span> <span class='ocrx_word' id='word_1_151' title='bbox 210 2126 252 2159; x_wconf 85' lang='lat' dir='ltr'>cur</span> <span class='ocrx_word' id='word_1_152' title='bbox 266 2110 368 2170; x_wconf 80' lang='lat' dir='ltr'>Bassus,</span> <span class='ocrx_word' id='word_1_153' title='bbox 381 2108 442 2159; x_wconf 85' lang='lat' dir='ltr'>daris</span> <span class='ocrx_word' id='word_1_154' title='bbox 454 2109 591 2158; x_wconf 79' lang='lat' dir='ltr'>custodibus</span> <span class='ocrx_word' id='word_1_155' title='bbox 603 2146 611 2172; x_wconf 88' lang='lat'>,</span> <span class='ocrx_word' id='word_1_156' title='bbox 622 2108 737 2159; x_wconf 86' lang='lat' dir='ltr'>Hadriam</span> <span class='ocrx_word' id='word_1_157' title='bbox 749 2126 808 2175; x_wconf 87' lang='lat' dir='ltr'>per·</span> 
     </span>
     <span class='ocr_line' id='line_1_26' title="bbox 124 2182 804 2249; baseline 0.003 -16"><span class='ocrx_word' id='word_1_158' title='bbox 124 2182 211 2233; x_wconf 67' lang='lat' dir='ltr'>vebbus</span> <span class='ocrx_word' id='word_1_159' title='bbox 227 2184 273 2245; x_wconf 86' lang='lat' dir='ltr'>sir,</span> <span class='ocrx_word' id='word_1_160' title='bbox 284 2184 366 2248; x_wconf 87' lang='lat' dir='ltr'>ibique</span> <span class='ocrx_word' id='word_1_161' title='bbox 376 2183 478 2232; x_wconf 70' lang='lat' dir='ltr'>sinibus.</span> <span class='ocrx_word' id='word_1_162' title='bbox 490 2182 556 2247; x_wconf 82' lang='lat' dir='ltr'>Quia</span> <span class='ocrx_word' id='word_1_163' title='bbox 568 2184 622 2232; x_wconf 83' lang='lat' dir='ltr'>scil.</span> <span class='ocrx_word' id='word_1_164' title='bbox 635 2184 657 2233; x_wconf 88' lang='lat' dir='ltr'>ei</span> <span class='ocrx_word' id='word_1_165' title='bbox 669 2200 719 2233; x_wconf 88' lang='lat' dir='ltr'>non</span> <span class='ocrx_word' id='word_1_166' title='bbox 730 2185 804 2249; x_wconf 68' lang='lat' dir='ltr'>plane</span> 
     </span>
     <span class='ocr_line' id='line_1_27' title="bbox 124 2250 812 2323; baseline 0.003 -18"><span class='ocrx_word' id='word_1_167' title='bbox 124 2255 261 2319; x_wconf 83' lang='lat' dir='ltr'>fidebatur,</span> <span class='ocrx_word' id='word_1_168' title='bbox 274 2256 304 2306; x_wconf 82' lang='lat' dir='ltr'>eb</span> <span class='ocrx_word' id='word_1_169' title='bbox 313 2253 377 2323; x_wconf 79' lang='lat' dir='ltr'>qubd</span> <span class='ocrx_word' id='word_1_170' title='bbox 388 2257 412 2305; x_wconf 91' lang='lat' dir='ltr'>in</span> <span class='ocrx_word' id='word_1_171' title='bbox 423 2258 475 2321; x_wconf 85' lang='lat' dir='ltr'>ipsa</span> <span class='ocrx_word' id='word_1_172' title='bbox 485 2256 628 2306; x_wconf 80' lang='lat' dir='ltr'>defeuione</span> <span class='ocrx_word' id='word_1_173' title='bbox 639 2274 685 2307; x_wconf 86' lang='lat' dir='ltr'>seu</span> <span class='ocrx_word' id='word_1_174' title='bbox 693 2250 812 2323; x_wconf 74' lang='lat' dir='ltr'>pudore,</span> 
     </span>
     <span class='ocr_line' id='line_1_28' title="bbox 125 2330 593 2379; baseline 0 0"><span class='ocrx_word' id='word_1_175' title='bbox 125 2346 172 2379; x_wconf 84' lang='lat' dir='ltr'>scu</span> <span class='ocrx_word' id='word_1_176' title='bbox 190 2340 259 2379; x_wconf 77' lang='lat' dir='ltr'>metu</span> <span class='ocrx_word' id='word_1_177' title='bbox 282 2330 345 2379; x_wconf 85' lang='lat' dir='ltr'>intra</span> <span class='ocrx_word' id='word_1_178' title='bbox 360 2330 458 2379; x_wconf 88' lang='lat' dir='ltr'>domum</span> <span class='ocrx_word' id='word_1_179' title='bbox 477 2331 593 2379; x_wconf 83' lang='lat' dir='ltr'>latuerat.</span> 
     </span>
    </p>

    <p class='ocr_par' dir='ltr' id='par_1_7' title="bbox 123 2400 806 2691">
     <span class='ocr_line' id='line_1_29' title="bbox 164 2400 806 2467; baseline 0 -14"><span class='ocrx_word' id='word_1_180' title='bbox 164 2420 190 2453; x_wconf 87' lang='lat'>2.</span> <span class='ocrx_word' id='word_1_181' title='bbox 201 2400 310 2467; x_wconf 73' lang='lat' dir='ltr'>Profec‘io</span> <span class='ocrx_word' id='word_1_182' title='bbox 321 2404 365 2451; x_wconf 81' lang='lat' dir='ltr'>ala</span> <span class='ocrx_word' id='word_1_183' title='bbox 374 2402 483 2453; x_wconf 82' lang='lat' dir='ltr'>Meanio.</span> <span class='ocrx_word' id='word_1_184' title='bbox 494 2404 599 2455; x_wconf 81' lang='lat' dir='ltr'>Variant</span> <span class='ocrx_word' id='word_1_185' title='bbox 608 2404 632 2452; x_wconf 89' lang='lat' dir='ltr'>iu</span> <span class='ocrx_word' id='word_1_186' title='bbox 641 2405 690 2453; x_wconf 87' lang='lat' dir='ltr'>hoc</span> <span class='ocrx_word' id='word_1_187' title='bbox 703 2404 806 2453; x_wconf 82' lang='lat' dir='ltr'>nomine</span> 
     </span>
     <span class='ocr_line' id='line_1_30' title="bbox 123 2476 803 2545; baseline -0.003 -17"><span class='ocrx_word' id='word_1_188' title='bbox 123 2478 224 2529; x_wconf 67' lang='lat' dir='ltr'>sorices</span> <span class='ocrx_word' id='word_1_189' title='bbox 234 2478 376 2527; x_wconf 79' lang='lat' dir='ltr'>‚Vaticanus</span> <span class='ocrx_word' id='word_1_190' title='bbox 389 2478 413 2527; x_wconf 73' lang='lat' dir='ltr'>bc</span> <span class='ocrx_word' id='word_1_191' title='bbox 425 2476 516 2544; x_wconf 85' lang='lat' dir='ltr'>Regius</span> <span class='ocrx_word' id='word_1_192' title='bbox 529 2479 638 2526; x_wconf 88' lang='lat' dir='ltr'>scribunt</span> <span class='ocrx_word' id='word_1_193' title='bbox 643 2476 803 2545; x_wconf 76' lang='lat' dir='ltr'>juveniorim.</span> 
     </span>
     <span class='ocr_line' id='line_1_31' title="bbox 125 2550 804 2619; baseline -0.001 -18"><span class='ocrx_word' id='word_1_194' title='bbox 125 2552 194 2601; x_wconf 79' lang='lat' dir='ltr'>flor.</span> <span class='ocrx_word' id='word_1_195' title='bbox 216 2554 335 2599; x_wconf 80' lang='lat' dir='ltr'>uivennio.</span> <span class='ocrx_word' id='word_1_196' title='bbox 354 2550 465 2619; x_wconf 85' lang='lat' dir='ltr'>Ryckius</span> <span class='ocrx_word' id='word_1_197' title='bbox 485 2552 654 2617; x_wconf 82' lang='lat' dir='ltr'>suspicabatur</span> <span class='ocrx_word' id='word_1_198' title='bbox 671 2552 804 2618; x_wconf 79' lang='lat' dir='ltr'>legendum</span> 
     </span>
     <span class='ocr_line' id='line_1_32' title="bbox 126 2622 357 2691; baseline 0 -20"><span class='ocrx_word' id='word_1_199' title='bbox 126 2624 241 2677; x_wconf 75' lang='lat' dir='ltr'>luvencio</span> <span class='ocrx_word' id='word_1_200' title='bbox 260 2622 357 2691; x_wconf 76' lang='lat' dir='ltr'>Rrrfhro.</span> 
     </span>
    </p>

    <p class='ocr_par' dir='ltr' id='par_1_8' title="bbox 124 2695 805 2913">
     <span class='ocr_line' id='line_1_33' title="bbox 162 2695 803 2762; baseline 0.003 -17"><span class='ocrx_word' id='word_1_201' title='bbox 162 2697 232 2746; x_wconf 81' lang='lat' dir='ltr'>Xlll.</span> <span class='ocrx_word' id='word_1_202' title='bbox 248 2712 271 2750; x_wconf 88' lang='lat'>1.</span> <span class='ocrx_word' id='word_1_203' title='bbox 292 2698 385 2748; x_wconf 77' lang='lat' dir='ltr'>Secreta</span> <span class='ocrx_word' id='word_1_204' title='bbox 402 2696 525 2758; x_wconf 80' lang='lat' dir='ltr'>castrorum</span> <span class='ocrx_word' id='word_1_205' title='bbox 536 2695 658 2761; x_wconf 70' lang='lat' dir='ltr'>afficiens.</span> <span class='ocrx_word' id='word_1_206' title='bbox 671 2696 803 2762; x_wconf 76' lang='lat' dir='ltr'>Aucupans</span> 
     </span>
     <span class='ocr_line' id='line_1_34' title="bbox 125 2769 805 2839; baseline 0.003 -20"><span class='ocrx_word' id='word_1_207' title='bbox 125 2782 240 2836; x_wconf 76' lang='lat' dir='ltr'>tempus,</span> <span class='ocrx_word' id='word_1_208' title='bbox 253 2788 301 2837; x_wconf 87' lang='lat' dir='ltr'>quo</span> <span class='ocrx_word' id='word_1_209' title='bbox 319 2772 427 2821; x_wconf 78' lang='lat' dir='ltr'>solitudo</span> <span class='ocrx_word' id='word_1_210' title='bbox 446 2783 514 2821; x_wconf 85' lang='lat' dir='ltr'>esser</span> <span class='ocrx_word' id='word_1_211' title='bbox 530 2772 556 2821; x_wconf 88' lang='lat' dir='ltr'>in</span> <span class='ocrx_word' id='word_1_212' title='bbox 572 2769 667 2833; x_wconf 84' lang='lat' dir='ltr'>castris,</span> <span class='ocrx_word' id='word_1_213' title='bbox 679 2772 805 2839; x_wconf 84' lang='lat' dir='ltr'>plerisque</span> 
     </span>
     <span class='ocr_line' id='line_1_35' title="bbox 124 2844 642 2913; baseline 0.004 -18"><span class='ocrx_word' id='word_1_214' title='bbox 124 2846 228 2895; x_wconf 83' lang='lat' dir='ltr'>miluum</span> <span class='ocrx_word' id='word_1_215' title='bbox 242 2862 284 2913; x_wconf 81' lang='lat' dir='ltr'>per</span> <span class='ocrx_word' id='word_1_216' title='bbox 300 2844 391 2895; x_wconf 78' lang='lat' dir='ltr'>milicia</span> <span class='ocrx_word' id='word_1_217' title='bbox 408 2856 501 2896; x_wconf 83' lang='lat' dir='ltr'>munera</span> <span class='ocrx_word' id='word_1_218' title='bbox 518 2847 642 2913; x_wconf 78' lang='lat' dir='ltr'>dispersis.</span> 
     </span>
    </p>
   </div>
   <div class='ocr_carea' id='block_1_3' title="bbox 0 0 1056 3650">
    <p class='ocr_par' dir='ltr' id='par_1_9' title="bbox 0 0 1056 3650">
     <span class='ocr_line' id='line_1_36' title="bbox 0 0 1056 3650; baseline 0 0"><span class='ocrx_word' id='word_1_219' title='bbox 0 0 1056 3650; x_wconf 95' lang='lat' dir='ltr'> </span> 
     </span>
    </p>
   </div>
  </div>
 </body>
</html>
