2100 3650
192 300 502 409 Historiarum
515 305 664 376 [rull.
694 295 757 399 '165

75 419 224 506 prosperis
249 423 360 483 Vitellii
382 424 483 496 rebus,
503 427 632 486 certaturi
652 425 689 486 ad
706 428 764 486 ob·

78 507 233 585 sequium,
244 503 389 566 adversam
404 511 462 583 ejus
477 504 622 568 formnam
635 527 668 566 ex
679 529 763 590 equo

76 585 287 646 detredlabant.
315 587 350 646 ln
385 586 484 647 Africa
509 589 587 670 legio
618 586 764 650 cohortes

104 687 163 736 ue,
183 665 295 726 delediae
317 689 335 728 a
363 666 473 728 Clodio
501 669 621 741 Macro,
648 691 716 730 mor
745 690 764 732 a

117 748 185 806 alba
200 746 340 820 dimissae,
361 769 450 809 rursus
466 753 542 828 jussu
559 751 669 810 Vitellii
687 750 764 810 mili,

80 831 158 888 tiam
178 849 274 908 cepere
294 851 301 887 :
322 829 406 890 simul
421 849 511 890 cetera
529 836 656 910 juventus
676 831 764 892 dabat

81 911 209 992 impigre
228 912 367 971 nomina:
382 913 485 992 quippe
496 913 553 971 inte
609 933 637 972 m
655 912 712 972 illic
730 933 765 974 ac

81 990 277 1051 favorabilem
297 993 524 1072 proconsulatum
579 995 697 1064 itellius,
717 992 763 1054 fa·

82 1093 204 1133 mosum
222 1075 399 1154 inuisumque
420 1074 611 1154 Vespasianus
635 1093 730 1158 egerat
755 1097 764 1134 t

84 1153 206 1234 perinde
231 1155 302 1214 socii
332 1154 366 1214 de
385 1155 507 1234 imperio
527 1159 669 1236 utriusque
689 1176 765 1216 con-

83 1233 234 1314 jeciabant
253 1233 326 1294 :sed
346 1238 566 1316 experimentum
585 1234 683 1296 contri
703 1235 765 1298 fuit.

127 1315 357 1377 LXXXXVIII.
374 1317 419 1389 Ac
442 1315 536 1398 primb
554 1317 684 1378 Valerius
704 1317 768 1378 Pes·

84 1416 133 1457 tus
146 1442 159 1467 ,
181 1397 310 1478 legatus,
335 1395 425 1458 studia
455 1398 670 1478 provincialium
701 1419 767 1460 cum

87 1477 147 1538 fide
168 1479 240 1556 juvit
260 1501 267 1538 :
290 1500 358 1538 mor
375 1479 514 1550 nutabat,
533 1479 627 1560 palam
645 1477 768 1560 epistolis

86 1560 247 1640 edictisque
258 1560 426 1630 Vitellium,
437 1562 555 1620 occultis
568 1564 677 1621 nunciis
687 1561 766 1622 Ves-

85 1643 241 1722 pasianum
256 1640 386 1713 fovens,
405 1651 433 1703 δι
452 1640 511 1702 haec
529 1643 612 1704 illave
632 1642 768 1702 defensu-¹

88 1743 161 1794 rus,
184 1741 267 1802 prout
293 1724 480 1784 invaluissent.
509 1721 684 1804 Deprehensi
703 1743 769 1784 cum

88 1804 193 1865 litteris
206 1803 359 1886 edidlisque
369 1805 560 1885 Vespasiani,
584 1825 632 1885 per
649 1803 770 1865 Raetiam

91 1895 120 1945 dr
142 1886 274 1957 Gallias,
296 1888 420 1946 militum
433 1896 460 1947 &
484 1886 679 1945 centurionum
699 1887 769 1965 qui-

92 1966 180 2037 dam,
194 1967 230 2026 ad
249 1968 398 2027 Vitellium
417 1968 517 2038 missi,
532 1986 665 2027 necantur
683 1987 689 2021 t
707 1966 773 2045 plu·

90 2070 137 2109 res
161 2048 301 2119 fefellere,
321 2046 376 2108 lide
395 2052 574 2119 amicorum,
592 2066 640 2108 aut
659 2066 771 2109 suomet

93 2129 157 2190 astu
175 2130 317 2191 occultati.
341 2130 385 2189 Ita
404 2130 515 2191 Vitellii
536 2149 646 2210 paratus
665 2150 770 2189 nosce·
805 2193 815 2209 ,Ι

94 2212 223 2282 bantur,
245 2212 413 2290 Vespasiani
436 2212 618 2270 consiliorum
642 2211 773 2291 pleraque

95 2294 107 2350 i
149 2311 219 2362 ota,
238 2291 360 2373 primdm
377 2290 504 2361 socordid
520 2292 653 2362 Vitellii;
671 2292 774 2353 deinde

97 2314 270 2435 ffinonicae
289 2374 375 2454 Alpes
393 2374 524 2454 presidiis
543 2375 670 2443 insessae,
693 2395 772 2435 nurt-

94 2457 158 2515 cios
183 2455 342 2516 retinebant
364 2478 372 2512 :
394 2476 470 2515 mare
489 2475 603 2535 quoque
625 2453 773 2513 etesiaium

95 2538 168 2597 flatu
183 2539 214 2596 in
231 2538 369 2596 orientem
385 2534 584 2619 navigantibus
600 2534 773 2607 secundum,

92 2618 164 2678 inde
182 2619 330 2679 adversum
348 2637 415 2678 erat.

137 2699 336 2763 LXXXXIX.
355 2698 509 2769 Tandem,
528 2699 686 2777 inruptione
707 2695 772 2759 hos·

95 2783 186 2855 tium,
201 2782 343 2843 atrocibus
356 2781 479 2864 undique
489 2782 599 2843 nunciis
611 2780 773 2855 exterritus,

119 3004 135 3035 Ι
