2100 3650
232 266 280 332 40
349 242 385 311 C.
414 241 561 312 Corn.
593 243 794 311 Tacta-r

231 363 382 422 imminens
398 362 514 420 exitium
530 356 697 422 differebat:
716 381 803 442 quum
815 361 909 425 adue·

230 465 315 515 nere,
335 445 421 502 missu
442 440 584 513 Othonis,
607 444 778 502 nominarim
798 445 828 503 in
850 467 910 504 cat-

230 524 296 589 dem
321 529 379 604 ejus
409 523 555 593 ardentes,
584 523 723 602 Sulpicius
740 522 862 596 Florus,
890 546 910 584 e

229 603 398 664 Britannicis
433 602 619 684 cohortibus,
646 625 684 664 nu
704 625 733 662 er
763 625 780 664 a
808 605 908 666 Galba

230 687 344 748 civitate
357 684 493 756 donatus,
511 695 539 746 &
559 686 663 745 Statius
719 705 821 754 utcus,
845 707 909 766 spe·

230 766 339 826 culatot
356 789 363 824 t
385 768 517 847 aquibus
534 769 687 844 protractus
705 765 790 838 Piso,
806 767 839 826 in
857 767 908 828 fo·

143 901 156 920 „
231 847 307 907 ribus
329 847 428 927 templi
450 846 609 907 trucidatur.
680 906 683 911 ,

271 929 381 988 XLIV.
414 927 533 988 Nullam
560 927 662 987 caedem
688 924 770 989 Otho
797 932 908 1008 majore

229 1007 327 1070 laetirii
337 1011 489 1088 excepisse,
499 1009 607 1069 nullum
623 1028 708 1088 caput
718 1028 777 1072 tam
788 1010 908 1071 insaria-
933 1065 937 1069 .

230 1090 336 1152 bilibus
352 1091 441 1150 oculis
460 1088 632 1170 perlustrasse
641 1089 742 1150 dicitur
761 1113 768 1149 :
784 1110 833 1150 seu
843 1110 908 1152 urm

230 1170 354 1254 primdm
381 1171 475 1232 levata
495 1170 577 1232 omui
596 1170 785 1233 sollicitudine
805 1191 906 1244 mens,

230 1273 331 1336 uacare
360 1253 464 1335 gaudio
500 1271 621 1334 corpetat
643 1276 650 1309 z
673 1272 721 1311 seu
747 1252 908 1313 recordatio

165 1334 169 1339 ’
232 1333 383 1419 majestatis
402 1336 432 1393 in
450 1335 568 1405 Galba,
584 1333 715 1394 amicitia:
735 1334 767 1394 in
784 1333 822 1392 T.
843 1335 907 1393 vi-

232 1417 306 1484 nio,
324 1417 454 1496 quamvis
472 1417 613 1474 immitem
633 1415 761 1474 animum
780 1415 910 1496 imagine

232 1494 302 1555 tristi
324 1494 489 1555 confuderat
512 1519 518 1552 ε
543 1497 672 1564 Pisonis,
694 1511 726 1554 ut
747 1497 858 1554 inimici
879 1505 910 1557 dc

233 1577 347 1654 amuli,
366 1576 438 1636 caede
454 1577 561 1646 letari,
583 1580 626 1655 jus
648 1575 747 1655 fasque
766 1576 909 1639 credebat.

231 1657 349 1736 Ptaefixa
370 1660 461 1718 contis
491 1659 584 1738 capita
617 1654 815 1739 gestabantur,
836 1659 911 1718 iuter

232 1741 315 1822 signa
328 1737 510 1810 cohortium,
533 1743 610 1817 juxta
620 1738 755 1818 Aquilam
766 1737 909 1820 legionis3

231 1823 361 1897 certatim
372 1819 574 1883 ostentantibus
585 1839 710 1883 cruentas
722 1841 821 1879 manus
833 1866 844 1891 ,
859 1823 912 1901 qui

233 1904 394 1965 occiderant
405 1949 415 1976 ,
429 1906 478 1984 qui
489 1902 687 1972 interfuerant,
703 1903 753 1981 qui
764 1900 847 1972 verb,
858 1904 910 1982 qui

233 1982 310 2049 falsb
322 2030 332 2057 ,
354 2003 385 2043 ut
406 1982 553 2064 pulchrum
572 1991 600 2043 δι
624 1981 809 2041 memorabile
835 1980 909 2042 faci·

233 2084 318 2134 rsus,
346 2064 499 2144 jaciebant.
518 2064 613 2123 Plures
637 2060 723 2144 quim
745 2080 868 2124 centum.
880 2074 910 2125 δι

234 2146 338 2227 viginti
356 2145 474 2210 libellos¹
488 2147 601 2225 praemia
618 2144 849 2224 exposcentium,
867 2145 909 2204 ob

192 2252 194 2256 ·
234 2225 361 2306 aliquam
384 2226 541 2287 notabilem
558 2224 608 2285 ills
623 2225 668 2285 die
690 2246 826 2304 operam,
845 2226 909 2285 Vi-

234 2306 327 2366 tellius
346 2305 439 2387 postea
453 2310 561 2367 invenit
582 2330 590 2363 z
610 2305 765 2387 omnesque
779 2308 913 2386 conquiri

234 2395 264 2449 ὃ(
295 2387 414 2447 interfici
436 2390 540 2469 jussit3
564 2410 624 2447 non
649 2386 757 2450 bonore
782 2387 883 2449 Galba
897 2432 910 2457 ,

236 2466 287 2528 sed
297 2468 400 2530 tradito
413 2470 584 2551 principibus
592 2490 688 2538 more,
700 2468 911 2532 munimentum

236 2548 273 2625 ad
295 2569 428 2627 ptaesens,
450 2553 479 2609 in
499 2549 639 2631 posterum
660 2551 807 2612 ultionem.

251 2678 253 2683 .
278 2628 371 2691 XLV.
394 2634 493 2693 Alium
513 2631 636 2692 crederes
652 2650 800 2703 senatum,
820 2631 913 2691 alium

237 2712 373 2793 populum
394 2737 402 2772 ε
424 2733 500 2796 ruere
521 2715 616 2777 cuncti
633 2715 665 2775 iu
683 2731 793 2787 rastra,
806 2713 913 2801 antcire
