2100 3650
235 295 545 362 Historiarum
557 292 643 360 tro.
657 293 688 360 1.
763 316 809 384 37

63 479 65 486 ,
130 409 189 472 sibi
212 414 328 505 quisque
349 411 405 471 dux
425 408 647 504 &linlligatorz
670 420 699 470 &
712 413 807 492 preci·

132 513 223 572 puutn
251 513 434 571 pessimorum
462 510 678 553 intrumentum
691 536 704 562 ,
728 491 808 574 qubd

130 573 205 638 boni
228 573 392 632 rnoetebarrt.

137 711 142 718 .
175 653 314 715 XXXIX.
339 654 404 714 Jatn
431 655 574 714 exterritos
603 651 670 714 Piso
692 652 807 714 fremitu

129 733 326 794 crebrescentis
345 734 512 805 seditionis,
534 735 687 795 &vocibus
710 737 740 794 in
761 755 807 794 ur-

132 815 201 874 bem
223 813 258 874 us
275 835 309 874 ue
330 814 547 886 resonantibus,
574 835 713 899 egressum
735 817 808 876 inte-

130 898 185 956 rim
217 837 363 968 Gdbam,
385 905 413 956 &
432 893 495 954 foto
515 898 805 976 appropinquantem,

131 977 278 1040 adsecutus
289 995 355 1036 etat
372 999 379 1034 ι
395 981 453 1054 jam
474 975 583 1036 Marius
606 975 706 1036 Celsus
730 973 807 1036 haud

132 1057 196 1118 latta
207 1057 336 1116 retulerat
350 1079 357 1113 ε
372 1077 460 1136 quum
479 1057 551 1126 alii,
569 1058 600 1116 in
608 1058 747 1131 palatium
758 1079 806 1116 re·

130 1140 211 1208 dire,
228 1138 278 1196 alii
293 1139 454 1211 Capitolium
462 1155 571 1212 petere,
587 1137 710 1218 plerique
724 1140 808 1219 rostra

129 1221 285 1292 occupanda
306 1215 468 1288 censerent,
490 1217 580 1297 plures
605 1237 717 1278 tantum
746 1239 808 1279 sen·

130 1300 226 1366 tentiis
266 1299 384 1358 aliorum
425 1297 680 1370 contradicerent,
720 1316 808 1380 utque

131 1381 226 1448 euenit
245 1380 276 1438 in
294 1379 417 1438 consiliis
435 1376 615 1450 infelicibus,
637 1381 747 1460 optima
765 1383 808 1440 vi·

132 1460 286 1534 deteritur,
305 1481 427 1540 quotum
446 1480 555 1539 ternpus
574 1456 719 1544 effligerat.
738 1460 808 1602 Apro

131 1560 205 1602 tasse
223 1541 322 1610 Laco,
344 1542 444 1623 ignaro
463 1539 578 1611 Galba,
598 1541 634 1600 de
648 1539 767 1602 occiden

131 1620 171 1682 T.
193 1622 285 1682 Vinio
304 1621 421 1691 dicittu,
441 1622 498 1682 sive
519 1640 550 1680 ut
568 1642 651 1700 poena
669 1627 728 1701 ejus
747 1625 808 1684 ani·

132 1724 198 1766 mos
232 1703 355 1762 militurn
389 1700 548 1772 mulceret,
584 1723 631 1762 seu
662 1705 806 1764 consciunt

131 1781 261 1845 Othonis
287 1781 416 1843 credebat
436 1828 445 1853 ,
469 1782 506 1843 ad
534 1779 729 1860 postremum,
759 1785 807 1845 rel

132 1866 212 1925 odio.
233 1864 449 1923 Haesitationem
472 1864 566 1923 attulit
584 1882 694 1942 tempus
712 1886 746 1924 ac
763 1865 808 1925 lo-

131 1968 203 2017 eus,
217 1946 285 2025 quia
302 1945 384 2003 initio
403 1943 483 2003 caedis
502 1962 586 2013 otto,
605 1944 728 2005 difficilis
740 1965 807 2005 too·

132 2027 183 2087 dus
207 2049 214 2083 ε
236 2034 263 2085 &
283 2025 426 2085 turbavere
444 2024 594 2083 consilium
609 2025 709 2105 trepidi
725 2042 803 2087 nun-

130 2109 187 2177 cii,
207 2127 241 2167 ac
254 2108 446 2185 proximorum
460 2101 595 2186 diffugia,
607 2106 807 2189 languentibus

100 2240 104 2245 .
130 2190 262 2261 omnium
288 2184 403 2256 studiis,
427 2188 478 2267 qui
497 2184 590 2265 primb
602 2189 705 2249 alacres
717 2186 807 2250 fidem

129 2288 215 2351 atque
236 2269 362 2328 altimum
381 2264 594 2327 ostentaverant.

170 2351 235 2409 XL.
253 2347 400 2429 Agebatur
421 2345 475 2406 huc
499 2348 565 2406 illuc
585 2349 699 2421 Galba,
723 2353 806 2412 vario

130 2432 217 2491 turbae
240 2430 401 2489 liudtuantis
421 2428 542 2508 impulsu
550 2451 565 2500 ,·
586 2451 621 2489 co
671 2432 734 2491 letis
752 2454 805 2493 un·

129 2513 216 2593 dique
235 2510 362 2570 basilicis
377 2529 409 2567 ac
430 2509 562 2587 templis,
582 2452 695 2594 lugubri
717 2532 802 2591 pros·

130 2598 213 2675 pediu
228 2617 234 2650 :
250 2611 341 2671 neque
360 2590 457 2670 populi
472 2608 520 2649 aut
539 2590 629 2669 plebis
640 2592 697 2651 ulla
714 2614 771 2653 vox
789 2617 803 2665 3

129 2674 178 2735 sed
194 2673 309 2733 attoniti
325 2670 433 2743 vultus,
452 2678 479 2731 &
495 2690 632 2733 conversae
650 2672 687 2732 ad
702 2675 804 2734 omnia

130 2772 300 2819 auresznon
322 2754 455 2814 turnultus
469 2796 482 2823 ,
501 2772 562 2813 non
585 2756 664 2836 quies
685 2779 694 2813 ι
716 2755 804 2837 quale
