2100 3650
253 309 324 394 256
381 304 418 371 C.
447 304 823 383 eorm-Taciti:

250 442 363 504 sumpta
390 444 437 504 pet
460 415 570 485 Gallias
599 419 807 507 Hispaniasque
835 426 930 487 civilia

251 526 353 575 arma,
372 507 458 565 motis
480 505 523 565 ad·
540 506 645 565 bellum
664 506 835 577 Germanis,
860 528 930 569 mox

251 584 384 666 Illyrico,
410 583 558 667 postquam
578 587 763 671 AEgyptum,
781 588 909 649 Judaeam
917 634 930 662 ,

251 666 441 749 Syriamque,
466 678 495 728 δι
520 671 615 729 omnis
639 671 797 747 provincias
819 672 929 731 exerci-

252 766 351 829 tusque
378 746 579 826 luſtraverant,
605 751 682 810 velut
703 753 815 831 expiato
839 770 928 812 terra·

251 846 315 887 rum
335 830 420 901 orbe,
440 833 543 910 cepisse
565 830 652 891 linem
671 832 846 893 videbantur.
868 832 932 893 Ad·

253 909 348 973 didere
387 913 562 973 alacritatem
603 913 773 993 Vespasiani
802 915 930 986 littera,

251 1009 400 1073 tamquam
426 1014 559 1055 manente
578 994 653 1054 bello
674 996 781 1075 scripta
796 1018 804 1051 ι
822 1016 854 1055 ea
872 998 931 1075 pri-

251 1072 300 1133 mi
327 1078 417 1154 specie
445 1073 539 1136 forma
563 1098 573 1133 ι
601 1074 723 1135 ceterslm
749 1096 780 1135 ut
803 1078 931 1157 princeps

251 1155 439 1236 loquebatur,
451 1158 546 1217 civilia
566 1157 601 1217 de
615 1176 662 1228 se,
680 1166 709 1218 δι
726 1156 834 1237 reipub.
855 1178 932 1298 epte·

252 1240 301 1320 gia
323 1262 332 1296 z
353 1260 406 1299 nec
431 1238 540 1299 senarias
559 1238 728 1320 obsequium
748 1238 850 1299 deerat.
888 1240 931 1320 psi

161 1341 163 1343 ·
251 1322 409 1380 cumulatus
426 1343 485 1381 cum
509 1321 576 1381 Tito
589 1322 676 1400 filio,
693 1338 811 1395 praetura
831 1320 933 1380 Domi·

250 1402 329 1462 tiano
349 1400 377 1462 a
395 1406 536 1463 consulare
553 1404 695 1477 imperium
711 1402 903 1463 decernuntur.

292 1481 346 1541 IV.
376 1484 496 1544 Miserat
522 1492 551 1543 &
571 1484 723 1545 Mucianus
741 1480 871 1563 epistolas
892 1481 932 1543 al

251 1582 401 1634 senatum,
415 1585 477 1645 quae
497 1566 647 1625 materiam
667 1565 842 1625 sermonibus
862 1586 934 1644 prae—

252 1643 358 1704 buere:
376 1648 405 1704 si
420 1649 553 1720 privatus
570 1666 642 1707 esset
658 1668 707 1705 cur
718 1645 826 1723 publici
843 1646 934 1723 loque-

211 1739 215 1749 '
252 1731 351 1785 retur?
367 1731 491 1801 potuisse
516 1732 608 1789 eadem
617 1775 629 1801 ,
647 1750 752 1803 paucos
770 1730 829 1808 posl
851 1730 910 1787 dier
920 1772 932 1799 ,

252 1808 312 1868 loco
323 1811 464 1871 sententia
481 1812 560 1873 dici:
578 1811 637 1891 ipsa
652 1831 766 1893 quoque
785 1810 935 1870 insectatio

252 1890 284 1950 in
307 1892 478 1964 Vitellium,
504 1913 565 1953 sera
590 1901 618 1953 δι
649 1895 709 1952 sine
733 1891 869 1952 libertate.
899 1891 936 1952 Iel

252 1969 321 2032 verb
336 1995 403 2056 erga
426 1975 554 2053 rempub.
573 1975 739 2056 superbum,
763 1993 831 2056 erga
848 1974 934 2053 prin·

252 2054 345 2133 tipem
359 2057 618 2126 contumeliosum,
634 2053 713 2137 qubd
731 2058 762 2114 in
779 2076 862 2114 mauu
882 2078 936 2116 sua

244 2135 340 2213 fuisse
361 2137 525 2211 imperium,
550 2141 728 2214 donatumque
758 2136 936 2210 Vespasiano

251 2217 388 2294 jactabat.
416 2217 551 2278 Ceterum
588 2218 696 2280 invidia
725 2219 756 2276 in
787 2218 899 2278 occulto
921 2239 932 2288 ς

252 2297 379 2358 adulatio
398 2301 428 2358 in
446 2319 543 2379 aperto
562 2319 640 2359 erant
663 2323 669 2358 :
689 2299 781 2360 multo
800 2319 867 2358 cum.
883 2296 937 2358 hon

252 2401 322 2442 nore
347 2381 497 2440 verborum
521 2381 658 2441 Muciano
691 2379 869 2454 triumphalia
897 2380 936 2440 de

253 2460 331 2524 bello
351 2463 427 2522 civili
448 2463 514 2524 data
533 2487 542 2522 ι
560 2462 607 2522 sed
626 2464 656 2522 in
675 2462 833 2524 Sarmatas„
846 2485 933 2536 expe·-

253 2544 324 2604 ditio
340 2541 674 2624 fingebatur..Adduntur
690 2544 790 2606 Primo
806 2543 935 2604 Antonio

254 2627 428 2696 consularia,
444 2629 567 2688 Cortrelio
576 2627 686 2696 Fusco,
699 2623 821 2687 &Arrio
838 2624 934 2696 Varo,

250 2708 380 2782 pretoria
402 2708 537 2786 insignia.
567 2707 642 2766 Mox
670 2707 737 2768 deos
758 2725 897 2788 respexere
924 2727 935 2763 t

253 2788 355 2848 scritti
384 2788 489 2866 placuit
514 2790 686 2866 Capitob'um.
710 2789 810 2869 anue
833 2787 937 2852 omnia
