2100 3650
253 230 298 314 48
375 229 412 298 C.
439 231 587 302 coru.
616 233 819 300 TAcrrr
867 285 869 288 .

253 349 363 428 inipsis
375 347 486 420 castris,
508 350 596 420 odio,
616 369 714 420 metu,
735 358 763 410 bc
783 349 835 408 ubi
857 352 934 411 vires

254 449 317 488 sitas
337 449 531 507 respexerant,
549 433 702 490 securitate.

296 509 358 568 LII.
374 509 432 569 Sub
445 513 519 591 ipsas
537 512 683 591 superioris
698 513 766 570 anni
785 511 934 572 Kalendas

166 621 167 628 κ
253 589 424 650 Decembres
462 591 551 650 Aulus
590 592 723 650 Vitellius
762 590 935 652 inferiorem

254 669 441 730 Germaniam
462 674 623 754 ingressus,
642 670 759 730 hiberna
778 672 935 755 legionum

254 770 320 808 cum
340 773 404 811 cura
415 751 519 811 adierat
536 766 545 808 ⁴:
564 751 666 811 redditi
684 754 822 832 plerisque
842 753 932 813 ordi-

254 851 324 902 nes,
345 834 460 892 remissa
480 834 661 916 ignominia,
683 835 808 894 allevata:
827 851 934 893 notae:

254 911 333 991 plura
365 913 549 984 ambitione,
582 913 711 994 quadam
737 913 847 990 judicio
869 937 880 971 t
901 917 935 976 in

254 992 357 1072 quibus
375 993 486 1053 sordem
500 1003 527 1054 &
540 997 689 1054 avaritiam
702 995 814 1052 Fonteii
830 993 932 1072 Capi-

254 1075 362 1144 tonis,
393 1074 551 1134 adimendis
578 1073 790 1156 assignandisve
816 1075 934 1136 militiae

255 1154 421 1226 ordinibus,
448 1157 554 1237 integre
576 1173 740 1216 mutaverat.
767 1154 831 1214 Nec
861 1177 933 1214 con·

254 1235 352 1295 sitlans
366 1237 453 1317 legati
468 1233 619 1307 mensuri,
639 1235 689 1295 sed
705 1237 735 1294 in
752 1239 846 1313 majus
864 1257 932 1294 om·

253 1316 303 1380 nia
330 1316 544 1394 accipiebantur.
567 1317 606 1375 Et
629 1317 763 1375 Vitellius
783 1315 860 1395 apud
885 1337 933 1375 se·

254 1415 335 1455 veros
359 1393 481 1454 humilis.
506 1396 550 1454 lta
571 1399 736 1455 comitatem
754 1396 932 1456 bonitatem·

253 1496 309 1556 que
320 1475 445 1536 faventes
455 1477 615 1548 vocabant,
632 1475 711 1558 qubd
733 1478 792 1536 sine
814 1477 930 1549 modo,

228 1557 314 1616 .sine
349 1555 487 1636 judicio,
522 1556 639 1616 donaret
667 1578 744 1628 sua,
779 1557 930 1638 largiretur

254 1637 346 1700 aliena
370 1660 377 1693 :
402 1637 486 1696 simul
505 1638 638 1698 aviditate
661 1637 844 1716 imperandi,
866 1640 929 1716 ipsa

253 1719 324 1778 vitia
333 1739 386 1798 pro
400 1717 546 1778 virtutibus
561 1719 819 1798 interpretabantur.
837 1718 930 1779 Multi

254 1819 286 1862 m
306 1819 422 1880 utroque
442 1800 562 1859 exercitu
581 1801 653 1860 sicut
672 1797 791 1859 modesti
816 1799 927 1880 quieti-

253 1902 332 1963 que,
363 1884 403 1941 ita
432 1880 500 1942 mali
530 1889 558 1939 δι
587 1878 696 1960 strenui.
728 1879 785 1940 Sed
811 1879 929 1959 profusit

256 1961 419 2042 cupidine,
455 1970 482 2020 δι
513 1962 617 2043 insigni
649 1963 805 2022 temeritate
835 1961 929 2021 leuati

254 2043 424 2125 legionum,
450 2040 577 2101 Allienus
605 2041 741 2112 Caecina,
765 2050 793 2101 &
821 2010 930 2103 Fabius

253 2123 362 2183 Valens
384 2145 392 2179 t
409 2142 423 2179 e
442 2123 544 2202 quibus
561 2123 689 2193 Valens,
707 2120 832 2182 infensus
850 2122 927 2183 Gal-

255 2203 328 2275 bae,
360 2222 507 2283 tamquam
539 2203 677 2265 detectam
700 2224 769 2262 ase
792 2204 928 2285 Verginii

200 2280 201 2287 ἵ
255 2286 486 2354 cunctationem,
509 2305 639 2364 oppressa
661 2283 813 2365 Capitonis
829 2286 946 2360 consi·¹

256 2368 294 2427 lia
314 2364 422 2449 ingrate
440 2365 567 2436 tulisset,
593 2364 723 2447 instigare
751 2364 903 2423 Vitellium
915 2410 928 2437 ,

254 2452 376 2509 ardorem
394 2446 528 2505 ‘militum
554 2443 703 2506 ostentans.
721 2447 816 2519 Ipsum
829 2445 930 2505 celebri

255 2530 348 2606 ubique
352 2529 433 2606 famei
449 2551 459 2585 :
473 2528 577 2606 nullam
596 2530 626 2586 in
649 2528 747 2590 Flacco
767 2525 929 2585 Hordeonio

255 2631 359 2669 moram
376 2633 386 2667 r
405 2607 486 2685 affore
499 2608 697 2666 Britanniam:
717 2624 839 2667 secutura
855 2607 929 2665 Ger-

256 2712 395 2755 manorum
414 2690 521 2753 auxilia
540 2712 551 2749 .·
567 2689 637 2750 mall
650 2690 726 2770 fidas
739 2689 927 2781 prouincias.-

775 2790 929 2845 precanum
