2100 3650
199 302 511 373 Hrsronurnuu
525 303 611 371 Lm.
633 304 679 375 V.
708 326 782 395 357.

143 418 208 478 XX
221 420 243 479 1.
266 421 331 481 Plus
357 420 528 483 discriminis
558 423 633 503 apud
656 423 779 486 Grinnes

101 500 285 583 Vadamque.
299 502 415 562 Vadam
430 504 534 565 Civilis
541 548 551 575 ,
562 504 685 565 Grinnes
697 504 780 565 Clas·

103 584 176 643 sicus
203 602 279 662 oppu
300 584 407 643 nabunt
436 608 443 645 :
467 604 520 644 nec
546 583 604 643 sisti
629 604 778 665 poterant,

102 663 251 725 interfecto
273 602 427 725 diutissimo
442 685 574 746 quoque,
591 667 701 747 inquis
718 666 780 727 Bri·

102 748 250 827 gariricus,
268 744 411 825 praefedtus
433 746 501 816 aie,
521 745 675 817 ceciderat,
690 766 778 827 quem

102 824 193 893 fidum
222 825 381 897 Romanis,
401 834 428 887 &
450 825 541 887 Civili
568 826 708 887 avunculo
731 829 778 893 in-

103 906 217 975 fensum
230 906 360 967 diximus.
377 906 432 967 Sed
445 907 494 966 ubi
510 906 631 967 Cerialis
648 928 713 967 cum
731 908 780 968 de·

103 990 179 1049 ledia
203 990 328 1069 equitum
349 1008 437 1049 manu
459 988 612 1060 subvenit,
628 988 707 1049 versi
722 988 780 1049 for·

104 1068 777 1215 {32³2eniminumdesiisse·

151 1197 158 1210 ·
309 1196 318 1223 a
767 1196 780 1224 s

104 1233 239 1315 agnitus,
267 1232 421 1313 perimsque
447 1170 532 1302 telis,
555 1230 654 1291 relicto
680 1252 780 1313 equo,

104 1313 257 1374 tranatavit
289 1337 296 1371 :
327 1312 404 1375 idem
442 1311 592 1373 Germanis
631 1308 688 1371 effir
710 1314 779 1376 um.

106 1394 246 1455 Tutorem
286 1393 444 1455 Classicum
466 1412 500 1452 ue
533 1392 653 1472 appuis:
684 1332 781 1455 diues

78 1480 214 1537 uexere.
240 1474 287 1535 Ne
313 1494 373 1535 mm
396 1414 511 1555 quidem
531 1472 664 1533 Romana
688 1475 782 1537 classis

106 1578 209 1639 pugnae
224 1552 323 1627 affuit,
340 1575 371 1616 ut
384 1560 488 1634 jussum
507 1572 566 1613 crat
582 1577 589 1612 :
609 1555 658 1615 scd
672 1553 780 1617 obstitit

108 1636 251 1709 formido,
269 1638 433 1719 &remiges
457 1636 572 1715 petalis
588 1635 696 1695 militiae
715 1656 781 1695 mu·

108 1722 157 1779 nia
176 1715 299 1799 dispersi.
314 1718 387 1779 Sane
410 1716 532 1779 Cerialis
548 1736 646 1795 pamm
668 1734 782 1795 tempo·

108 1802 145 1862 tis
164 1800 200 1862 ad
215 1798 389 1882 exsequenda
410 1798 528 1879 imperia
546 1795 633 1857 dabat
643 1817 653 1867 3
676 1797 783 1859 subitus

36 1955 37 1958 Ἴ
110 1883 257 1954 consiliis,
280 1881 327 1941 scd
351 1899 453 1942 eventu
475 1879 572 1939 clarus.
598 1877 704 1938 Aderat
721 1876 782 1938 for-

109 1983 194 2036 tuna,
209 1966 293 2024 etiam
305 1962 355 2022 nbi
371 1980 442 2022 artes
460 1957 632 2020 defuissent:
652 1955 718 2018 hinc
728 1960 784 2038 ipsi

109 2046 298 2126 exercituique
333 2044 427 2103 minor
457 2061 522 2099 cura
552 2038 716 2119 disciplinas.
744 2039 785 2102 Et

110 2147 216 2208 paucos
242 2123 303 2205 post
328 2123 408 2194 dies,
435 2141 609 2202 quamquam
629 2120 783 2200 periculum

110 2208 283 2287 captivitatis
302 2205 451 2274 evasisset,
477 2200 629 2274 infamiam
654 2223 713 2266 non
731 2203 783 2262 vi«
851 2220 855 2228 ·

109 2305 189 2350 tavit.
316 2345 319 2351 .

110 2407 114 2415 ·
152 2367 272 2429 XXII.
292 2366 436 2428 Profedius
457 2363 616 2428 Novesium
637 2363 784 2424 Bonnam-

112 2472 190 2532 que,
217 2449 253 2510 ad
274 2447 388 2510 ‚visenda
410 2443 517 2516 castra,
538 2465 599 2525 que
623 2440 786 2505 hiematuris

113 2531 273 2615 legionibus
301 2529 497 2613 erigebantur,
525 2525 643 2585 nauibus
671 2545 783 2586 remea-

20 2677 25 2688 ,
114 2614 183 2684 bat3
207 2612 324 2691 disjecio
347 2610 482 2705 agmine,
504 2606 647 2673 incuriosis
669 2605 783 2688 vigiliis.
863 2653 865 2657 .

114 2692 349 2754 Animadversum
374 2690 405 2751 td
425 2689 599 2757 Germanis,
621 2695 648 2746 δι
669 2685 784 2748 insidias

112 2794 294 2858 composuere
312 2796 322 2832 s
343 2773 431 2836 cleda
450 2791 508 2837 uox
522 2786 582 2832 atra
598 2767 741 2842 nubibus,
757 2775 786 2834 ὃς
