2100 3650
237 366 304 413 110
358 344 394 414 C.
423 344 568 414 cortu.
601 344 787 411 TAcrrr

233 464 387 546 petulantia
407 465 494 523 etiam
518 452 872 543 perfidiamsuspeetabac

214 565 235 621 j
253 589 259 597 0
274 543 416 605 XXVIII.
437 544 527 627 Igitur
550 546 654 604 nuncio
674 545 780 613 allato,
799 548 913 620 pulsam

241 625 272 685 T
268 646 419 688 severorum
428 626 503 695 olom
509 626 706 705 Tungrosquea
715 629 802 690 classe
813 625 910 686 Otho·

235 709 304 777 nis,
324 704 576 771 &Narbonensem
597 707 723 767 Galliam
746 707 914 783 circumiti5

234 788 322 850 simul
339 784 404 847 curi
419 790 511 847 socios
528 787 647 857 tuendi,
665 796 692 847 δε
707 789 822 847 militari
836 786 913 863 astu,

237 866 368 928 cohortes
388 868 532 938 turbidas,
549 890 598 939 ac,
615 870 639 929 si
652 866 708 927 uni
722 866 832 940 forent,
848 890 917 950 proc-

237 950 367 1021 validas,
393 946 592 1032 dispergendi,
610 968 717 1029 partem
741 950 916 1023 Batavorum

236 1033 277 1092 ire
290 1035 320 1092 in
332 1031 484 1092 subsidium
495 1030 574 1109 jubet
593 1052 599 1088 :
613 1030 691 1111 quod
705 1030 754 1089 ubi
768 1031 916 1104 auditum,

236 1114 460 1195 vulgatumque,
480 1129 596 1171 rnoerere
615 1114 703 1182 socii,
729 1111 846 1172 fremere
868 1114 916 1172 le·

237 1196 338 1277 giones
350 1216 360 1265 3
374 1194 465 1254 orbari
475 1215 505 1253 se
512 1194 729 1270 fhnissimorum
738 1196 859 1255 uirorum
871 1214 920 1255 ott·

238 1277 310 1336 xiiio
328 1300 339 1334 .·
354 1294 457 1338 veteres
468 1275 534 1335 illos
549 1271 631 1335 &tot
643 1275 772 1333 bellorum
782 1278 919 1349 viliores,

234 1358 372 1437 postquam
392 1359 579 1429 incomperta
601 1356 641 1413 sit
660 1354 742 1437 hostis
755 1402 768 1427 ,
789 1358 866 1416 uelut
885 1378 922 1417 en

238 1440 298 1497 acie
316 1437 412 1496 abduci
440 1460 451 1495 .·
473 1437 504 1496 si
526 1438 673 1511 prouincia
692 1435 755 1495 urbe
779 1433 806 1497 θ
828 1440 921 1499 salure

239 1519 351 1592 imperii
360 1518 455 1591 potior
467 1520 525 1587 sit,
540 1540 631 1577 omnes
645 1518 711 1577 illuc
721 1538 920 1595 sequerentur:

238 1600 287 1659 ‘sin
306 1599 427 1659 villaria
443 1600 571 1668 sanitas,
594 1600 820 1680 sustentaculum,
838 1603 920 1661 colu·

239 1703 303 1739 men
319 1681 350 1737 in
364 1679 452 1739 Italic
461 1698 627 1749 verteretur,
642 1702 696 1738 non
706 1680 921 1756 abrumpendos,

240 1780 273 1823 ut
286 1760 407 1835 corpori,
428 1762 619 1822 validissimos
639 1780 724 1820 artus.

283 1842 395 1903 XXIX.
418 1843 488 1903 Haec
509 1842 640 1902 ferociter
662 1842 816 1922 jactando,
845 1843 924 1926 post-

242 1945 351 2007 quem,
375 1926 510 1984 immissis
530 1924 692 1995 lictoribus,
715 1925 823 1984 Valens
846 1945 925 1984 coer·-

243 2027 305 2065 cere
331 2004 500 2064 seditionem
529 2005 690 2085 coeptabat,
716 2007 807 2084 ipsum
835 2006 921 2066 inva-

201 2126 208 2138 ·
244 2087 330 2155 dunt,
352 2107 417 2144 saxa
434 2089 560 2163 jaciunt,
584 2085 739 2163 fugientem
760 2105 925 2166 sequuntur,

242 2166 342 2241 Spolia
359 2167 531 2238 Galliarum,
548 2165 574 2227 δ’
597 2167 794 2228 Viennensium
809 2189 925 2240 aurum,

244 2245 274 2308 δ’
291 2249 383 2322 pretio
401 2248 522 2307 laborum
547 2271 656 2307 suorum
677 2249 809 2308 occultare
826 2248 927 2308 clami·

246 2347 357 2397 tentes,
376 2328 490 2408 direptis
513 2330 647 2400 sarcinis,
669 2330 847 2389 tabernacula
872 2331 928 2390 du-

149 2427 155 2438 ‘
246 2414 304 2481 cis,
323 2411 470 2491 ipsamque
492 2407 612 2469 humum
636 2411 746 2489 pilis&
768 2409 872 2469 lanceis
888 2413 929 2470 ri-

246 2492 400 2552 mabantur
427 2515 434 2548 :
463 2513 529 2550 nam
557 2492 686 2562 Valens,
710 2493 802 2551 servili
829 2489 929 2563 velle,

248 2572 324 2649 apud
338 2570 516 2631 decurionem
532 2575 658 2654 equitum
676 2572 831 2655 tegebatur.
849 2572 930 2632 Tum

248 2650 393 2730 Alphenus
425 2654 518 2712 Varus
541 2699 550 2724 ‚
584 2651 727 2733 praefectus
755 2649 931 2724 castrorum,

249 2732 421 2814 deflagrante
432 2735 577 2812 paullatim
594 2734 750 2804 seditione,
763 2733 841 2794 addit
855 2756 930 2794 con-

249 2814 365 2888 silium,
379 2817 474 2877 vetitis
484 2815 563 2877 obire
575 2815 687 2899 vigilias
702 2815 932 2889 centurionibus,
