2100 3650
218 334 533 404 stromArvn
547 329 632 402 lin.
646 333 677 402 1.
742 338 762 404 6
769 355 784 426 5

105 452 250 538 Tigellini
266 452 367 514 odium
381 454 487 514 recenti
505 451 543 513 T.
561 452 646 512 Vinii
659 450 790 525 invidil,

106 555 272 596 concurrere
292 555 307 594 e
324 553 384 595 tota
404 535 471 594 urbe
485 535 514 595 in
530 534 666 614 palatium
687 555 721 596 ac
743 533 791 594 fo·

105 638 163 688 ta,
195 625 250 688 &‚
276 616 326 676 ubi
351 617 471 697 plutima
496 615 577 698 vulgi
595 616 735 687 licentia,
758 617 790 678 in

106 701 217 758 circum
241 719 274 757 ac
295 693 404 758 theatra
422 693 505 758 effiisi
518 743 528 768 ‚
543 696 683 758 seditiosis
698 699 789 759 uoci·
888 772 892 780 Ι

107 779 161 840 bus
189 775 345 859 obstrepere
370 802 378 835 ι
399 777 489 840 donec
512 777 705 861 Tigellinus,
735 799 787 839 at-

106 881 194 943 cepto
230 860 305 940 apud
330 859 510 922 Sinuessanas
539 881 629 941 aquas
656 879 790 940 suptemae

106 943 282 1004 necessitatis
310 943 441 1013 nuncio,
472 943 546 1002 inter
571 939 663 1021 stupra
684 959 791 1004 coucu-

109 1024 268 1094 binatum,
285 1032 312 1084 δι
326 1022 447 1094 oscula,
469 1031 496 1084 dc
515 1021 657 1093 deformes
675 1043 790 1095 moras,

106 1107 193 1180 tediis
212 1102 352 1166 novacull
369 1103 518 1176 faucibus,
544 1103 683 1168 infamem
699 1107 791 1168 vitam

109 1185 234 1248 foedavit
253 1188 339 1246 etiam
360 1188 436 1246 exitu
452 1207 513 1246 sero
525 1195 555 1246 dt
573 1183 733 1246 inhonesto.

150 1267 290 1330 LXXIII.
319 1267 467 1328 Periclem
488 1286 598 1347 tempus
616 1265 790 1347 expostulata

108 1351 148 1410 ad
178 1351 347 1432 supplicium
368 1350 474 1412 Galvia
501 1349 685 1430 Crispinilla,
705 1351 790 1414 variis

109 1430 368 1503 frustrationibus,
396 1439 424 1492 δι
449 1430 564 1492 adversi
589 1431 790 1492 dissimulantis

25 1599 26 1602 Ἴ
109 1515 247 1594 principis
271 1510 371 1584 fami,
396 1513 519 1594 periculo
550 1533 681 1594 exempta
712 1511 751 1572 est
780 1537 788 1571 ε
883 1586 887 1599 ⁸

108 1592 246 1690 magistra
259 1594 411 1655 libidinum
423 1593 546 1655 Neronis
552 1640 568 1687 ,Ι
576 1614 745 1678 transgressa
758 1595 790 1656 in

108 1675 268 1747 Africam,
294 1675 331 1738 ad
353 1673 544 1760 instigandum
561 1698 592 1735 tn
609 1697 688 1736 arma
708 1674 787 1738 Clo-

107 1759 191 1818 dium
213 1759 368 1831 Macrum,
396 1755 503 1818 famem
525 1759 632 1856 populo
653 1758 790 1818 Romano

108 1838 189 1901 haud
216 1840 333 1901 obscure
361 1840 480 1912 molita,
500 1841 587 1901 totius
642 1838 699 1901 stea
718 1841 789 1901 civi-

107 1924 176 1984 tatis
201 1924 322 2007 gratiam
342 1922 492 1992 obtinuit,
513 1940 582 1981 eom
644 1922 650 1935 '
682 1922 788 1981 matri-

106 2005 212 2065 monio
232 2004 366 2076 subnixa,
386 2012 414 2065 &
432 2002 507 2085 apud
521 2002 668 2074 Galbam,
689 1999 790 2070 Otho,-

106 2108 196 2157 nem,
216 2084 367 2147 Vitellium
388 2085 502 2147 inlesa:
525 2104 595 2143 mox
612 2102 711 2165 potens
733 2104 787 2167 pe·

108 2166 220 2239 cunii,
240 2174 268 2229 ὅτ
288 2166 429 2238 orbitate,
453 2183 515 2249 qux
543 2165 626 2230 bonis
649 2166 789 2249 malisque

108 2248 286 2330 temporibus
303 2245 382 2329 juxti
399 2249 502 2309 valent.

151 2328 291 2391 LXXIV.
310 2328 430 2393 Crebrae
459 2330 594 2399 interim,
623 2336 652 2389 dt
681 2328 787 2389 mulie·

109 2412 210 2473 bribus
229 2410 430 2474 blandimentis
450 2408 582 2480 infediae,
605 2410 643 2469 ab
669 2408 790 2474 Othone

107 2494 147 2555 ad
174 2493 326 2554 Vitellium
350 2490 494 2575 ¹epistolae,
520 2488 677 2551 offerebant
700 2514 787 2567 pecu-

23 2638 24 2641 ,
107 2578 188 2637 niam
201 2572 231 2635 dl
235 2577 374 2655 gratiam,
395 2571 618 2653 &quemcumque
628 2574 729 2651 quietis
739 2575 787 2632 lo-

107 2676 176 2719 cum'
184 2658 307 2737 prodigae
325 2658 391 2719 vite
408 2658 527 2737 legisset.
551 2656 633 2717 Paria
654 2655 789 2721 Vitellius

107 2738 291 2809 ostentabat,
305 2736 409 2819 ‘primii
430 2736 560 2809 mollitis,
585 2734 669 2796 stulti
692 2739 790 2800 utrim-
843 2773 846 2778 ·

107 2842 164 2904 que
177 2830 209 2883 dc
223 2818 355 2883 indecori
373 2820 552 2883 simulatione
568 2840 576 2876 ι
594 2838 686 2889 mox,
706 2820 788 2900 quasi
