<?xml version="1.0" encoding="UTF-8"?>
<!DOCTYPE html PUBLIC "-//W3C//DTD XHTML 1.0 Transitional//EN"
    "http://www.w3.org/TR/xhtml1/DTD/xhtml1-transitional.dtd">
<html xmlns="http://www.w3.org/1999/xhtml" xml:lang="en" lang="en">
 <head>
  <title>
</title>
<meta http-equiv="Content-Type" content="text/html;charset=utf-8" />
  <meta name='ocr-system' content='tesseract 3.04.00' />
  <meta name='ocr-capabilities' content='ocr_page ocr_carea ocr_par ocr_line ocrx_word'/>
</head>
<body>
  <div class='ocr_page' id='page_1' title='image "./ccorneliitaciti00lallgoog_0207.png"; bbox 0 0 2100 3650; ppageno 0'>
   <div class='ocr_carea' id='block_1_1' title="bbox 195 288 797 385">
    <p class='ocr_par' dir='ltr' id='par_1_1' title="bbox 195 288 797 385">
     <span class='ocr_line' id='line_1_1' title="bbox 195 288 797 385; baseline -0.008 -15"><span class='ocrx_word' id='word_1_1' title='bbox 195 293 507 370; x_wconf 71' lang='lat' dir='ltr'>Hirronrrnrrn</span> <span class='ocrx_word' id='word_1_2' title='bbox 524 290 612 369; x_wconf 80' lang='lat' dir='ltr'>Lm.</span> <span class='ocrx_word' id='word_1_3' title='bbox 631 288 702 364; x_wconf 80' lang='grc' dir='ltr'><strong><em>ΙΙΙ.</em></strong></span> <span class='ocrx_word' id='word_1_4' title='bbox 731 316 797 385; x_wconf 78' lang='lat'>¹99</span> 
     </span>
    </p>
   </div>
   <div class='ocr_carea' id='block_1_2' title="bbox 109 414 804 721">
    <p class='ocr_par' dir='ltr' id='par_1_2' title="bbox 109 414 804 721">
     <span class='ocr_line' id='line_1_2' title="bbox 117 414 801 481; baseline -0.006 0"><span class='ocrx_word' id='word_1_5' title='bbox 117 414 288 481; x_wconf 80' lang='lat' dir='ltr'>invocantes</span> <span class='ocrx_word' id='word_1_6' title='bbox 312 442 320 477; x_wconf 78' lang='lat' dir='ltr'><strong><em>z</em></strong></span> <span class='ocrx_word' id='word_1_7' title='bbox 339 439 408 479; x_wconf 86' lang='lat' dir='ltr'>mox</span> <span class='ocrx_word' id='word_1_8' title='bbox 425 414 739 478; x_wconf 76' lang='lat' dir='ltr'>velamentas&#39;tinfnlas</span> <span class='ocrx_word' id='word_1_9' title='bbox 767 436 801 477; x_wconf 90' lang='lat' dir='ltr'>ro</span> 
     </span>
     <span class='ocr_line' id='line_1_3' title="bbox 119 438 804 577; baseline -0.004 -15"><span class='ocrx_word' id='word_1_10' title='bbox 119 503 211 562; x_wconf 88' lang='lat' dir='ltr'>muris</span> <span class='ocrx_word' id='word_1_11' title='bbox 236 499 385 561; x_wconf 86' lang='lat' dir='ltr'>ostentant.</span> <span class='ocrx_word' id='word_1_12' title='bbox 408 498 508 577; x_wconf 87' lang='lat' dir='ltr'>Quum</span> <span class='ocrx_word' id='word_1_13' title='bbox 525 495 667 559; x_wconf 82' lang='lat' dir='ltr'>Antonius</span> <span class='ocrx_word' id='word_1_14' title='bbox 684 438 804 559; x_wconf 64' lang='lat' dir='ltr'>inrideri</span> 
     </span>
     <span class='ocr_line' id='line_1_4' title="bbox 109 578 802 721; baseline -0.009 -78"><span class='ocrx_word' id='word_1_15' title='bbox 109 584 181 643; x_wconf 75' lang='lat' dir='ltr'>tela</span> <span class='ocrx_word' id='word_1_16' title='bbox 198 584 320 659; x_wconf 85' lang='lat' dir='ltr'>jussisset</span> <span class='ocrx_word' id='word_1_17' title='bbox 328 623 340 653; x_wconf 80' lang='lat'>,</span> <span class='ocrx_word' id='word_1_18' title='bbox 360 584 444 677; x_wconf 76' lang='lat' dir='ltr'>signa</span> <span class='ocrx_word' id='word_1_19' title='bbox 466 583 632 721; x_wconf 69' lang='lat' dir='ltr'>aquilaspue</span> <span class='ocrx_word' id='word_1_20' title='bbox 654 578 774 639; x_wconf 86' lang='lat' dir='ltr'>extulere</span> <span class='ocrx_word' id='word_1_21' title='bbox 791 598 802 637; x_wconf 83' lang='lat' dir='ltr'>r</span> 
     </span>
    </p>
   </div>
   <div class='ocr_carea' id='block_1_3' title="bbox 111 660 887 2928">
    <p class='ocr_par' dir='ltr' id='par_1_3' title="bbox 111 660 887 2928">
     <span class='ocr_line' id='line_1_5' title="bbox 117 660 805 745; baseline -0.004 -22"><span class='ocrx_word' id='word_1_22' title='bbox 117 660 258 723; x_wconf 82' lang='lat' dir='ltr'>nroestum</span> <span class='ocrx_word' id='word_1_23' title='bbox 267 665 419 723; x_wconf 77' lang='lat' dir='ltr'>inermium</span> <span class='ocrx_word' id='word_1_24' title='bbox 430 682 557 745; x_wconf 84' lang='lat' dir='ltr'>agmen,</span> <span class='ocrx_word' id='word_1_25' title='bbox 596 661 689 741; x_wconf 69' lang='lat' dir='ltr'>ejeiiis</span> <span class='ocrx_word' id='word_1_26' title='bbox 703 663 733 722; x_wconf 87' lang='lat' dir='ltr'>in</span> <span class='ocrx_word' id='word_1_27' title='bbox 747 680 805 721; x_wconf 84' lang='lat' dir='ltr'>tet·</span> 
     </span>
     <span class='ocr_line' id='line_1_6' title="bbox 118 739 804 826; baseline -0.003 -21"><span class='ocrx_word' id='word_1_28' title='bbox 118 760 186 805; x_wconf 84' lang='lat' dir='ltr'>ram</span> <span class='ocrx_word' id='word_1_29' title='bbox 218 746 330 815; x_wconf 75' lang='lat' dir='ltr'>oculis,</span> <span class='ocrx_word' id='word_1_30' title='bbox 357 745 533 826; x_wconf 74' lang='lat' dir='ltr'>sequebatur.</span> <span class='ocrx_word' id='word_1_31' title='bbox 560 739 804 805; x_wconf 85' lang='lat' dir='ltr'>Circumstirerant</span> 
     </span>
     <span class='ocr_line' id='line_1_7' title="bbox 117 822 804 963; baseline -0.003 -76"><span class='ocrx_word' id='word_1_32' title='bbox 117 827 270 899; x_wconf 71' lang='lat' dir='ltr'>victores,</span> <span class='ocrx_word' id='word_1_33' title='bbox 297 836 325 887; x_wconf 76' lang='grc' dir='ltr'>δι</span> <span class='ocrx_word' id='word_1_34' title='bbox 351 822 444 905; x_wconf 87' lang='lat' dir='ltr'>primd</span> <span class='ocrx_word' id='word_1_35' title='bbox 470 824 639 909; x_wconf 79' lang='lat' dir='ltr'>ingerebant</span> <span class='ocrx_word' id='word_1_36' title='bbox 670 826 804 963; x_wconf 74' lang='lat' dir='ltr'>probra,</span> 
     </span>
     <span class='ocr_line' id='line_1_8' title="bbox 118 907 804 987; baseline -0.003 -20"><span class='ocrx_word' id='word_1_37' title='bbox 118 908 305 967; x_wconf 76' lang='lat' dir='ltr'>intentabant</span> <span class='ocrx_word' id='word_1_38' title='bbox 327 910 398 967; x_wconf 72' lang='lat' dir='ltr'>ierus</span> <span class='ocrx_word' id='word_1_39' title='bbox 420 931 427 965; x_wconf 80' lang='lat' dir='ltr'>r</span> <span class='ocrx_word' id='word_1_40' title='bbox 451 928 542 979; x_wconf 85' lang='lat' dir='ltr'>mox,</span> <span class='ocrx_word' id='word_1_41' title='bbox 567 924 598 967; x_wconf 92' lang='lat' dir='ltr'>ut</span> <span class='ocrx_word' id='word_1_42' title='bbox 619 926 672 987; x_wconf 80' lang='lat' dir='ltr'>prae</span> <span class='ocrx_word' id='word_1_43' title='bbox 694 907 804 966; x_wconf 82' lang='lat' dir='ltr'>eriora</span> 
     </span>
     <span class='ocr_line' id='line_1_9' title="bbox 119 985 805 1069; baseline 0 -22"><span class='ocrx_word' id='word_1_44' title='bbox 119 989 333 1060; x_wconf 90' lang='lat' dir='ltr'>contumeliis,</span> <span class='ocrx_word' id='word_1_45' title='bbox 363 998 413 1060; x_wconf 70' lang='grc' dir='ltr'>δι,</span> <span class='ocrx_word' id='word_1_46' title='bbox 438 987 529 1069; x_wconf 76' lang='lat' dir='ltr'>positi</span> <span class='ocrx_word' id='word_1_47' title='bbox 560 989 641 1047; x_wconf 88' lang='lat' dir='ltr'>omni</span> <span class='ocrx_word' id='word_1_48' title='bbox 673 985 805 1059; x_wconf 69' lang='lat' dir='ltr'>ferocid,</span> 
     </span>
     <span class='ocr_line' id='line_1_10' title="bbox 111 1066 805 1151; baseline -0.004 -21"><span class='ocrx_word' id='word_1_49' title='bbox 111 1074 227 1130; x_wconf 73' lang='lat' dir='ltr'>&#39;cundia</span> <span class='ocrx_word' id='word_1_50' title='bbox 243 1072 312 1131; x_wconf 75' lang='lat' dir='ltr'>vitri</span> <span class='ocrx_word' id='word_1_51' title='bbox 323 1070 516 1151; x_wconf 83' lang='lat' dir='ltr'>patiebantur,</span> <span class='ocrx_word' id='word_1_52' title='bbox 537 1070 612 1129; x_wconf 88' lang='lat' dir='ltr'>subit</span> <span class='ocrx_word' id='word_1_53' title='bbox 628 1066 805 1140; x_wconf 84' lang='lat' dir='ltr'>recordatio,</span> 
     </span>
     <span class='ocr_line' id='line_1_11' title="bbox 121 1144 806 1233; baseline -0.003 -21"><span class='ocrx_word' id='word_1_54' title='bbox 121 1152 193 1213; x_wconf 81' lang='lat' dir='ltr'>iilos</span> <span class='ocrx_word' id='word_1_55' title='bbox 225 1172 307 1222; x_wconf 83' lang='lat' dir='ltr'>esse,</span> <span class='ocrx_word' id='word_1_56' title='bbox 332 1153 382 1233; x_wconf 92' lang='lat' dir='ltr'>qui</span> <span class='ocrx_word' id='word_1_57' title='bbox 412 1172 500 1231; x_wconf 86' lang='lat' dir='ltr'>nuper</span> <span class='ocrx_word' id='word_1_58' title='bbox 531 1144 659 1211; x_wconf 80' lang='lat' dir='ltr'>Bedriaci</span> <span class='ocrx_word' id='word_1_59' title='bbox 681 1151 806 1210; x_wconf 71' lang='lat' dir='ltr'>vidioriz</span> 
     </span>
     <span class='ocr_line' id='line_1_12' title="bbox 122 1228 807 1371; baseline -0.004 -78"><span class='ocrx_word' id='word_1_60' title='bbox 122 1248 336 1313; x_wconf 69' lang='lat' dir='ltr'>temperassent.</span> <span class='ocrx_word' id='word_1_61' title='bbox 362 1232 419 1293; x_wconf 86' lang='lat' dir='ltr'>Sed</span> <span class='ocrx_word' id='word_1_62' title='bbox 439 1231 489 1292; x_wconf 90' lang='lat' dir='ltr'>ubi</span> <span class='ocrx_word' id='word_1_63' title='bbox 514 1232 655 1302; x_wconf 72' lang='lat' dir='ltr'>Caecina,</span> <span class='ocrx_word' id='word_1_64' title='bbox 676 1228 807 1371; x_wconf 68' lang='lat' dir='ltr'>praetexti</span> 
     </span>
     <span class='ocr_line' id='line_1_13' title="bbox 121 1312 807 1397; baseline -0.003 -22"><span class='ocrx_word' id='word_1_65' title='bbox 121 1315 329 1395; x_wconf 69' lang='lat' dir='ltr'>lidionbusque</span> <span class='ocrx_word' id='word_1_66' title='bbox 339 1313 477 1397; x_wconf 84' lang='lat' dir='ltr'>insignis,</span> <span class='ocrx_word' id='word_1_67' title='bbox 489 1312 600 1373; x_wconf 74' lang='lat' dir='ltr'>dimoti</span> <span class='ocrx_word' id='word_1_68' title='bbox 615 1312 677 1373; x_wconf 83' lang='lat' dir='ltr'>turb</span> <span class='ocrx_word' id='word_1_69' title='bbox 704 1315 720 1383; x_wconf 80' lang='lat'>&#39;,</span> <span class='ocrx_word' id='word_1_70' title='bbox 739 1332 807 1373; x_wconf 68' lang='lat' dir='ltr'>con⁴</span> 
     </span>
     <span class='ocr_line' id='line_1_14' title="bbox 120 1393 806 1469; baseline -0.006 -12"><span class='ocrx_word' id='word_1_71' title='bbox 120 1396 172 1457; x_wconf 81' lang='lat' dir='ltr'>sul</span> <span class='ocrx_word' id='word_1_72' title='bbox 193 1398 324 1469; x_wconf 84' lang='lat' dir='ltr'>incessit,</span> <span class='ocrx_word' id='word_1_73' title='bbox 343 1416 466 1455; x_wconf 83' lang='lat' dir='ltr'>exarsere</span> <span class='ocrx_word' id='word_1_74' title='bbox 481 1396 600 1456; x_wconf 65' lang='lat' dir='ltr'>victores</span> <span class='ocrx_word' id='word_1_75' title='bbox 613 1420 621 1453; x_wconf 77' lang='lat' dir='ltr'>r</span> <span class='ocrx_word' id='word_1_76' title='bbox 635 1393 806 1469; x_wconf 80' lang='lat' dir='ltr'>superbiam,</span> 
     </span>
     <span class='ocr_line' id='line_1_15' title="bbox 122 1474 805 1555; baseline -0.007 -16"><span class='ocrx_word' id='word_1_77' title='bbox 122 1477 315 1555; x_wconf 65' lang='lat' dir='ltr'>miniamque</span> <span class='ocrx_word' id='word_1_78' title='bbox 341 1474 439 1549; x_wconf 88' lang='lat' dir='ltr'>(adeo</span> <span class='ocrx_word' id='word_1_79' title='bbox 468 1478 558 1537; x_wconf 84' lang='lat' dir='ltr'>invisa</span> <span class='ocrx_word' id='word_1_80' title='bbox 585 1477 687 1537; x_wconf 82' lang='lat' dir='ltr'>scelera</span> <span class='ocrx_word' id='word_1_81' title='bbox 714 1484 805 1550; x_wconf 87' lang='lat' dir='ltr'>sunt)</span> 
     </span>
     <span class='ocr_line' id='line_1_16' title="bbox 122 1554 807 1638; baseline -0.003 -19"><span class='ocrx_word' id='word_1_82' title='bbox 122 1560 217 1619; x_wconf 55' lang='lat' dir='ltr'>⁴etiam</span> <span class='ocrx_word' id='word_1_83' title='bbox 232 1559 378 1638; x_wconf 70' lang='lat' dir='ltr'>pefidiam</span> <span class='ocrx_word' id='word_1_84' title='bbox 397 1558 587 1637; x_wconf 75' lang='lat' dir='ltr'>objediabant.</span> <span class='ocrx_word' id='word_1_85' title='bbox 606 1554 727 1619; x_wconf 87' lang='lat' dir='ltr'>Obstitit</span> <span class='ocrx_word' id='word_1_86' title='bbox 742 1558 807 1617; x_wconf 78' lang='lat' dir='ltr'>An-</span> 
     </span>
     <span class='ocr_line' id='line_1_17' title="bbox 127 1635 805 1721; baseline 0.003 -20"><span class='ocrx_word' id='word_1_87' title='bbox 127 1642 247 1712; x_wconf 87' lang='lat' dir='ltr'>tonius,</span> <span class='ocrx_word' id='word_1_88' title='bbox 261 1639 389 1721; x_wconf 88' lang='lat' dir='ltr'>datisque</span> <span class='ocrx_word' id='word_1_89' title='bbox 402 1638 615 1713; x_wconf 81' lang='lat' dir='ltr'>defensoribus,</span> <span class='ocrx_word' id='word_1_90' title='bbox 636 1636 676 1701; x_wconf 82' lang='lat' dir='ltr'>ad</span> <span class='ocrx_word' id='word_1_91' title='bbox 687 1635 805 1721; x_wconf 76' lang='lat' dir='ltr'>Vespa·</span> 
     </span>
     <span class='ocr_line' id='line_1_18' title="bbox 125 1722 383 1785; baseline -0.004 -1"><span class='ocrx_word' id='word_1_92' title='bbox 125 1725 242 1785; x_wconf 86' lang='lat' dir='ltr'>sianum</span> <span class='ocrx_word' id='word_1_93' title='bbox 266 1722 383 1783; x_wconf 83' lang='lat' dir='ltr'>dimisit.</span> 
     </span>
     <span class='ocr_line' id='line_1_19' title="bbox 116 1804 808 1888; baseline 0.003 -22"><span class='ocrx_word' id='word_1_94' title='bbox 116 1837 123 1844; x_wconf 95' lang='lat'>·</span> <span class='ocrx_word' id='word_1_95' title='bbox 168 1804 296 1866; x_wconf 87' lang='lat' dir='ltr'><strong>XXXII.</strong></span> <span class='ocrx_word' id='word_1_96' title='bbox 318 1804 402 1866; x_wconf 85' lang='lat' dir='ltr'>Plebs</span> <span class='ocrx_word' id='word_1_97' title='bbox 428 1806 542 1888; x_wconf 86' lang='lat' dir='ltr'>interim</span> <span class='ocrx_word' id='word_1_98' title='bbox 569 1804 808 1868; x_wconf 85' lang='lat' dir='ltr'>Cremonensium</span> 
     </span>
     <span class='ocr_line' id='line_1_20' title="bbox 125 1885 807 1968; baseline -0.001 -18"><span class='ocrx_word' id='word_1_99' title='bbox 125 1885 202 1950; x_wconf 87' lang='lat' dir='ltr'>inter</span> <span class='ocrx_word' id='word_1_100' title='bbox 227 1907 350 1950; x_wconf 83' lang='lat' dir='ltr'>armatos</span> <span class='ocrx_word' id='word_1_101' title='bbox 369 1888 583 1949; x_wconf 74' lang='lat' dir='ltr'>conflidiabatur</span> <span class='ocrx_word' id='word_1_102' title='bbox 605 1911 612 1945; x_wconf 92' lang='lat'><strong>:</strong></span> <span class='ocrx_word' id='word_1_103' title='bbox 635 1909 687 1948; x_wconf 91' lang='lat' dir='ltr'>nec</span> <span class='ocrx_word' id='word_1_104' title='bbox 709 1885 807 1968; x_wconf 82' lang='lat' dir='ltr'>procui</span> 
     </span>
     <span class='ocr_line' id='line_1_21' title="bbox 126 1969 808 2054; baseline -0.001 -23"><span class='ocrx_word' id='word_1_105' title='bbox 126 1970 205 2032; x_wconf 81' lang='lat' dir='ltr'>caede</span> <span class='ocrx_word' id='word_1_106' title='bbox 226 1972 361 2042; x_wconf 83' lang='lat' dir='ltr'>aberant,</span> <span class='ocrx_word' id='word_1_107' title='bbox 386 1992 474 2054; x_wconf 89' lang='lat' dir='ltr'>quum</span> <span class='ocrx_word' id='word_1_108' title='bbox 492 1969 619 2050; x_wconf 84' lang='lat' dir='ltr'>precibus</span> <span class='ocrx_word' id='word_1_109' title='bbox 635 1969 739 2030; x_wconf 88' lang='lat' dir='ltr'>dutum</span> <span class='ocrx_word' id='word_1_110' title='bbox 751 1972 808 2030; x_wconf 91' lang='lat' dir='ltr'>mi·</span> 
     </span>
     <span class='ocr_line' id='line_1_22' title="bbox 125 2049 807 2136; baseline -0.004 -20"><span class='ocrx_word' id='word_1_111' title='bbox 125 2056 235 2136; x_wconf 74' lang='lat' dir='ltr'>rigatus</span> <span class='ocrx_word' id='word_1_112' title='bbox 244 2052 380 2113; x_wconf 85' lang='lat' dir='ltr'>cstmiles.</span> <span class='ocrx_word' id='word_1_113' title='bbox 400 2053 440 2113; x_wconf 86' lang='lat' dir='ltr'>Et</span> <span class='ocrx_word' id='word_1_114' title='bbox 454 2070 572 2113; x_wconf 84' lang='lat' dir='ltr'>vocatos</span> <span class='ocrx_word' id='word_1_115' title='bbox 585 2049 622 2110; x_wconf 86' lang='lat' dir='ltr'>ad</span> <span class='ocrx_word' id='word_1_116' title='bbox 639 2053 807 2113; x_wconf 89' lang='lat' dir='ltr'>concionem</span> 
     </span>
     <span class='ocr_line' id='line_1_23' title="bbox 125 2131 807 2217; baseline -0.004 -19"><span class='ocrx_word' id='word_1_117' title='bbox 125 2136 274 2198; x_wconf 81' lang='lat' dir='ltr'>Antonius</span> <span class='ocrx_word' id='word_1_118' title='bbox 293 2135 476 2215; x_wconf 87' lang='lat' dir='ltr'>adloquitur,</span> <span class='ocrx_word' id='word_1_119' title='bbox 498 2131 650 2217; x_wconf 69' lang='lat' dir='ltr'>magnifici</span> <span class='ocrx_word' id='word_1_120' title='bbox 669 2135 807 2207; x_wconf 74' lang='lat' dir='ltr'>viciores,</span> 
     </span>
     <span class='ocr_line' id='line_1_24' title="bbox 126 2214 807 2278; baseline -0.001 -1"><span class='ocrx_word' id='word_1_121' title='bbox 126 2219 222 2278; x_wconf 67' lang='lat' dir='ltr'>vidior</span> <span class='ocrx_word' id='word_1_122' title='bbox 249 2217 398 2276; x_wconf 87' lang='lat' dir='ltr'>clementer</span> <span class='ocrx_word' id='word_1_123' title='bbox 423 2239 430 2274; x_wconf 80' lang='lat' dir='ltr'><strong><em>z</em></strong></span> <span class='ocrx_word' id='word_1_124' title='bbox 455 2214 491 2275; x_wconf 88' lang='lat' dir='ltr'>de</span> <span class='ocrx_word' id='word_1_125' title='bbox 510 2215 656 2277; x_wconf 89' lang='lat' dir='ltr'>Cremona</span> <span class='ocrx_word' id='word_1_126' title='bbox 681 2217 712 2275; x_wconf 89' lang='lat' dir='ltr'>in</span> <span class='ocrx_word' id='word_1_127' title='bbox 735 2237 807 2276; x_wconf 88' lang='lat' dir='ltr'>neu-</span> 
     </span>
     <span class='ocr_line' id='line_1_25' title="bbox 127 2295 808 2378; baseline 0 -20"><span class='ocrx_word' id='word_1_128' title='bbox 127 2317 215 2358; x_wconf 89' lang='lat' dir='ltr'>trum.</span> <span class='ocrx_word' id='word_1_129' title='bbox 237 2297 381 2357; x_wconf 86' lang='lat' dir='ltr'>Exercitus</span> <span class='ocrx_word' id='word_1_130' title='bbox 402 2316 498 2378; x_wconf 83' lang='lat' dir='ltr'>praeter</span> <span class='ocrx_word' id='word_1_131' title='bbox 523 2299 638 2357; x_wconf 83' lang='lat' dir='ltr'>insitam</span> <span class='ocrx_word' id='word_1_132' title='bbox 665 2295 808 2376; x_wconf 82' lang='lat' dir='ltr'>praedandi</span> 
     </span>
     <span class='ocr_line' id='line_1_26' title="bbox 124 2377 808 2458; baseline -0.003 -20"><span class='ocrx_word' id='word_1_133' title='bbox 124 2377 294 2458; x_wconf 73' lang='lat' dir='ltr'>&#39;cupidinem</span> <span class='ocrx_word' id='word_1_134' title='bbox 305 2423 316 2450; x_wconf 91' lang='lat'>,</span> <span class='ocrx_word' id='word_1_135' title='bbox 327 2398 419 2438; x_wconf 81' lang='lat' dir='ltr'>vetere</span> <span class='ocrx_word' id='word_1_136' title='bbox 439 2378 509 2438; x_wconf 89' lang='lat' dir='ltr'>odio</span> <span class='ocrx_word' id='word_1_137' title='bbox 525 2378 562 2438; x_wconf 80' lang='lat' dir='ltr'>ad</span> <span class='ocrx_word' id='word_1_138' title='bbox 581 2377 721 2438; x_wconf 87' lang='lat' dir='ltr'>excidium</span> <span class='ocrx_word' id='word_1_139' title='bbox 734 2377 808 2438; x_wconf 86' lang='lat' dir='ltr'>Cre-</span> 
     </span>
     <span class='ocr_line' id='line_1_27' title="bbox 128 2459 807 2539; baseline -0.006 -17"><span class='ocrx_word' id='word_1_140' title='bbox 128 2461 312 2522; x_wconf 88' lang='lat' dir='ltr'>monensium</span> <span class='ocrx_word' id='word_1_141' title='bbox 338 2459 490 2530; x_wconf 89' lang='lat' dir='ltr'>incubuit,</span> <span class='ocrx_word' id='word_1_142' title='bbox 513 2461 616 2538; x_wconf 78' lang='lat' dir='ltr'>juvisse</span> <span class='ocrx_word' id='word_1_143' title='bbox 640 2477 729 2539; x_wconf 78' lang='lat' dir='ltr'>partes</span> <span class='ocrx_word' id='word_1_144' title='bbox 749 2459 807 2518; x_wconf 90' lang='lat' dir='ltr'>Vi-</span> 
     </span>
     <span class='ocr_line' id='line_1_28' title="bbox 126 2537 807 2622; baseline -0.001 -21"><span class='ocrx_word' id='word_1_145' title='bbox 126 2541 286 2614; x_wconf 76' lang='lat' dir='ltr'>tellianos,</span> <span class='ocrx_word' id='word_1_146' title='bbox 311 2537 438 2601; x_wconf 86' lang='lat' dir='ltr'>Othonis</span> <span class='ocrx_word' id='word_1_147' title='bbox 461 2559 574 2622; x_wconf 90' lang='lat' dir='ltr'>quoque</span> <span class='ocrx_word' id='word_1_148' title='bbox 593 2540 689 2611; x_wconf 87' lang='lat' dir='ltr'>bello,</span> <span class='ocrx_word' id='word_1_149' title='bbox 712 2540 807 2600; x_wconf 86' lang='lat' dir='ltr'>crede-</span> 
     </span>
     <span class='ocr_line' id='line_1_29' title="bbox 130 2620 807 2692; baseline 0 -10"><span class='ocrx_word' id='word_1_150' title='bbox 130 2624 237 2682; x_wconf 86' lang='lat' dir='ltr'>bantur</span> <span class='ocrx_word' id='word_1_151' title='bbox 269 2645 276 2679; x_wconf 79' lang='lat' dir='ltr'>r</span> <span class='ocrx_word' id='word_1_152' title='bbox 305 2643 373 2682; x_wconf 87' lang='lat' dir='ltr'>mox</span> <span class='ocrx_word' id='word_1_153' title='bbox 403 2621 671 2692; x_wconf 83' lang='lat' dir='ltr'>tertiadecimanos,</span> <span class='ocrx_word' id='word_1_154' title='bbox 698 2620 736 2682; x_wconf 85' lang='lat' dir='ltr'>ad</span> <span class='ocrx_word' id='word_1_155' title='bbox 758 2643 807 2682; x_wconf 85' lang='lat' dir='ltr'>ex·</span> 
     </span>
     <span class='ocr_line' id='line_1_30' title="bbox 127 2701 808 2785; baseline -0.001 -22"><span class='ocrx_word' id='word_1_156' title='bbox 127 2703 295 2764; x_wconf 89' lang='lat' dir='ltr'>struendum</span> <span class='ocrx_word' id='word_1_157' title='bbox 328 2701 566 2785; x_wconf 81' lang='lat' dir='ltr'>amphitheatrum</span> <span class='ocrx_word' id='word_1_158' title='bbox 599 2704 740 2774; x_wconf 72' lang='lat' dir='ltr'>relidros,</span> <span class='ocrx_word' id='word_1_159' title='bbox 776 2720 808 2762; x_wconf 88' lang='lat' dir='ltr'>ut</span> 
     </span>
     <span class='ocr_line' id='line_1_31' title="bbox 125 2785 887 2928; baseline -0.004 -80"><span class='ocrx_word' id='word_1_160' title='bbox 125 2805 198 2848; x_wconf 80' lang='lat' dir='ltr'>suut</span> <span class='ocrx_word' id='word_1_161' title='bbox 218 2786 350 2868; x_wconf 83' lang='lat' dir='ltr'>procacia</span> <span class='ocrx_word' id='word_1_162' title='bbox 369 2785 481 2850; x_wconf 70' lang='lat' dir='ltr'>tubane</span> <span class='ocrx_word' id='word_1_163' title='bbox 503 2785 593 2868; x_wconf 87' lang='lat' dir='ltr'>plebis</span> <span class='ocrx_word' id='word_1_164' title='bbox 613 2785 727 2928; x_wconf 72' lang='lat' dir='ltr'>ipgenia</span> <span class='ocrx_word' id='word_1_165' title='bbox 738 2828 747 2857; x_wconf 84' lang='lat'>,</span> <span class='ocrx_word' id='word_1_166' title='bbox 761 2803 810 2866; x_wconf 82' lang='lat' dir='ltr'>pe·</span> <span class='ocrx_word' id='word_1_167' title='bbox 883 2821 887 2831; x_wconf 45' lang='grc' dir='ltr'>ι</span> 
     </span>
     <span class='ocr_line' id='line_1_32' title="bbox 423 2885 686 2928; baseline 0.004 -1"><span class='ocrx_word' id='word_1_168' title='bbox 423 2896 428 2908; x_wconf 91' lang='grc'>·</span> <span class='ocrx_word' id='word_1_169' title='bbox 528 2889 532 2898; x_wconf 81' lang='grc'><em>·</em></span> <span class='ocrx_word' id='word_1_170' title='bbox 656 2885 686 2928; x_wconf 83' lang='lat' dir='ltr'>rv</span> 
     </span>
    </p>
   </div>
   <div class='ocr_carea' id='block_1_4' title="bbox 0 0 1066 3650">
    <p class='ocr_par' dir='ltr' id='par_1_4' title="bbox 0 0 1066 3650">
     <span class='ocr_line' id='line_1_33' title="bbox 0 0 1066 3650; baseline 0 0"><span class='ocrx_word' id='word_1_171' title='bbox 0 0 1066 3650; x_wconf 95' lang='lat' dir='ltr'> </span> 
     </span>
    </p>
   </div>
  </div>
 </body>
</html>
