2100 3650
190 303 504 371 Hrsronranuu
523 295 610 370 Lm.
629 303 679 370 II.
708 325 774 392 139

87 423 257 482 vexillariis
267 439 374 480 tantam
380 422 472 496 pulsis
482 467 494 491 ,
506 423 582 482 uires
593 423 710 502 legionis
721 445 776 482 non

88 504 225 580 adficisse.
236 503 356 561 Remitti
367 523 414 561 eos
423 504 454 562 in
462 503 638 562 Britanniam
648 549 658 576 ,
672 503 746 564 unde
758 525 776 566 a

88 584 211 645 Nerone
234 587 318 643 exciti
345 603 444 654 erant,
465 585 591 663 placuit;
614 605 697 667 atque
723 587 773 646 in·

89 669 176 726 terim
201 666 375 726 Batavorum
400 663 529 725 cohortes
558 665 613 726 un'a
641 668 774 740 tendere,

88 748 131 806 ob
147 767 274 808 veterem
291 747 422 808 adversus
437 747 700 828 quartadecimanos
717 749 773 810 dis-

89 829 223 889 cordiam
246 852 255 886 :
277 849 328 888 noc
350 828 419 900 diu,
441 831 472 890 in
491 831 577 890 tantis
601 849 774 892 armatorum

88 911 191 982 odiis,
214 910 294 991 quies
316 909 379 970 fuis
402 909 534 994 Auguste
558 911 773 984 Taurinorum,

80 993 163 1053 -dum
182 989 315 1072 opificem
333 992 488 1072 quemdam
505 993 627 1054 Batavus
644 1013 676 1055 ut
695 993 775 1054 frau-

90 1074 224 1134 datorem
250 1074 421 1145 insectator,
449 1074 621 1157 legionarius
643 1093 675 1135 ut
700 1074 773 1136 hos·

88 1158 184 1237 pitem
195 1173 304 1226 tuetur,
322 1157 366 1214 sui
379 1157 480 1238 cuique
497 1158 708 1217 commilitones
721 1177 775 1242 ag·

89 1238 225 1320 gregati,
247 1259 264 1297 a
284 1237 419 1297 conviciis
439 1235 477 1297 ad
493 1237 599 1298 sordem
619 1239 773 1299 transiere:

88 1329 120 1380 dr
143 1320 276 1400 pralium
295 1338 377 1378 atrox
395 1320 529 1391 arsisset,
550 1321 582 1379 ni
595 1319 656 1380 due
677 1339 776 1400 praero·

87 1403 140 1461 riae
159 1398 311 1471 cohortes,
326 1421 441 1460 causam
459 1401 776 1484 quartadecimanorum

88 1501 217 1554 secutae,
237 1480 281 1541 his
301 1479 459 1552 fiduciam,
480 1491 509 1542 ει
531 1503 638 1544 metum
662 1483 776 1546 Batavis

89 1563 246 1625 fecissent:
261 1585 327 1642 qaus
344 1565 479 1624 Vitellius
493 1566 599 1644 agnum
612 1587 663 1625 suo
671 1567 775 1645 jungi,
815 1591 819 1600 ’

89 1665 124 1706 ut
137 1644 233 1717 fidos3
249 1647 399 1724 legionem,
417 1646 515 1706 Graiis
534 1645 655 1721 Alpibus
670 1651 776 1707 troduc-

88 1747 151 1788 tam
161 1775 173 1798 ,
189 1751 220 1787 eo
230 1731 308 1808 flexu
323 1728 435 1788 itineris
452 1730 491 1788 ire
502 1727 599 1805 jubet,
610 1750 661 1805 quo
681 1729 773 1788 Vien-

18 1832 22 1838 ’
88 1830 159 1870 nam
179 1811 327 1872 vitarent:
345 1830 469 1891 namque
489 1818 518 1869 &
539 1809 716 1869 Viennenses
737 1811 776 1869 ti·

87 1892 252 1953 urebantur.
276 1892 391 1962 Notis,
412 1890 469 1972 qui
492 1888 717 1970 proficiscebatur
737 1892 775 1951 le-

89 1974 144 2057 gio
156 2018 166 2045 ,
177 1975 280 2033 relictis
293 1975 398 2052 passim
416 1973 551 2056 ignibus,
569 1992 630 2052 pars
643 1971 776 2034 Taurinos

91 2056 218 2115 colouiae
230 2053 359 2115 ambusta
374 2078 381 2111 ι
399 2053 477 2136 quod
493 2053 649 2125 damnum,
664 2072 695 2114 ut
707 2055 772 2134 ple-

87 2157 181 2218 raque
202 2136 269 2197 belli
287 2138 384 2206 mala,
407 2136 562 2214 majoribus
581 2136 701 2195 aliarum
722 2158 772 2197 ur-

90 2220 176 2279 bium
203 2218 329 2279 cladibus
353 2218 558 2278 oblitteratum.
586 2217 773 2293 Quartodeci-

91 2301 177 2361 mani
207 2297 355 2380 postquam
385 2299 506 2378 Alpibus
534 2298 656 2379 degressi
683 2319 771 2372 sunt,

89 2382 322 2443 seditiosissimus
332 2382 451 2461 quisque
464 2382 546 2462 signa
560 2381 707 2440 Viennam
723 2380 770 2439 fe-

88 2464 194 2525 rebant
219 2485 227 2520 ι
258 2482 396 2522 consensu
420 2462 572 2521 meliorum
595 2463 773 2542 compressi,

90 2554 120 2607 δι
133 2545 144 2604 l
185 2546 213 2602 'o
224 2546 254 2603 iu
264 2545 439 2603 Britanniam
452 2546 619 2603 transvecta.

132 2565 265 2685 &Vllr
281 2627 429 2685 Proximus
452 2624 575 2685 Vitellio
596 2645 611 2683 e
638 2626 773 2705 pretoriis

92 2705 260 2769 cohortibus
281 2726 372 2766 metus
389 2726 449 2766 erat
467 2729 474 2763 r
497 2708 615 2785 separati
630 2704 773 2786 primdm,

68 2805 71 2812 '
91 2786 779 2864 deiude,additohousstaemissionisienimento,
