2100 3650
273 295 319 358 26
383 289 420 357 C.
450 288 596 360 Corn.
628 291 812 357 Tncrrr

270 406 388 490 pecunid
412 426 559 486 emptum,
584 407 661 468 dono
689 406 796 466 dederit
809 429 817 464 r
831 427 881 487 per
894 406 947 468 so-

272 489 399 548 cordiam
421 488 565 566 praefesti,
587 510 672 572 quem
698 508 767 549 nota
791 490 897 570 paritet
921 499 949 550 dc

271 570 382 629 occulta
405 567 550 629 fallebant.

313 649 410 708 XXV.
432 651 487 710 Sed
507 671 600 710 tume
628 649 733 709 libertis
753 647 959 709 Onomastum'

273 727 366 788 futuro
391 729 486 790 sceleri
508 730 650 809 praefecit,
680 753 697 789 a
725 751 783 810 quo
812 731 950 791 Barbium

272 805 447 882 Proculum,
471 807 639 870 tesserarium
664 809 898 890 speculatorum,
923 821 951 872 δι

273 889 424 951 Veturium
453 937 462 963 ‚
500 894 647 972 optionem
681 891 846 950 eorumdem
883 913 950 970 per-

275 972 394 1043 dudios,
412 971 559 1054 postquam
572 974 651 1031 vario
668 969 795 1030 sermone
815 971 951 1045 callidos,

274 1052 448 1134 audacesque
467 1055 626 1136 cognovit,
649 1054 738 1131 pretio
759 1062 786 1112 &
806 1055 952 1132 promissis

275 1152 373 1193 onerat
397 1179 406 1206 ,
436 1133 502 1194 dati
535 1130 652 1214 pecnniai
683 1132 719 1192 ad
751 1134 953 1212 pertentandos
1025 1172 1026 1179 κ

275 1214 396 1295 plurium
419 1217 539 1274 animos.
562 1213 795 1293 Suscepere'duo
817 1218 954 1293 manipu-
1025 1212 1026 1257 ἶ

276 1297 346 1355 lares
371 1297 519 1375 imperium
563 1296 643 1374 opuli
669 1295 796 1353 Romani
824 1294 952 1355 transfe-
1025 1308 1026 1375 ᾖ

275 1375 409 1446 rendum,
429 1385 456 1436 δι
473 1316 674 1435 transiulerunt.
693 1375 727 1434 ln
747 1373 954 1435 conscientiam
1025 1380 1026 1441 ἶ

277 1455 411 1516 facinoris
433 1458 515 1535 pauci
539 1456 657 1527 adsciti,
679 1452 823 1536 suspensos
842 1477 956 1516 cetero-

277 1557 340 1596 rum
372 1539 482 1596 animos
512 1536 627 1596 diversis
650 1538 754 1596 artibus
774 1535 922 1597 stimulant
945 1561 954 1596 t
1025 1532 1026 1573 ἶ

277 1620 411 1700 primores
430 1618 553 1679 militum
567 1664 577 1688 ‚
592 1639 643 1690 per
664 1617 791 1696 beneficia
810 1618 956 1698 Nymphi-
1025 1672 1026 1681 ,

277 1699 321 1757 dii
339 1715 368 1756 ut
387 1703 544 1772 suspeuos;
562 1698 663 1792 vul'gus
680 1707 707 1758 &
728 1717 852 1768 ceteros,
873 1699 917 1758 iri
929 1711 957 1760 &
1025 1702 1026 1763 ξ

279 1777 470 1859 desperatione
489 1781 574 1840 dilati
593 1797 693 1839 torrens
712 1781 839 1841 donatiui
851 1805 861 1840 .·
875 1802 958 1842 erant

279 1882 351 1944 quos
388 1862 525 1920 memoria
559 1860 701 1931 Neronis,
727 1882 760 1921 ac
785 1860 957 1923 desiderium
1025 1893 1026 1920 1

280 1944 383 2025 prioris.
407 1943 524 2002 licentiae
542 1940 703 2000 accenderet
722 1964 729 2000 τ
751 1944 782 2001 in
801 1964 958 2004 commune
1025 1993 1026 1998 ,

282 2044 382 2083 omnes
412 2041 489 2083 metu
514 2021 655 2081 mutandae
689 2024 797 2081 militie
830 2045 956 2084 exterre-
1025 2065 1026 2076 κ

282 2104 393 2163 bantur.
1025 2163 1026 2168 χ

323 2184 435 2245 XXVI.
458 2184 560 2244 Infecit
575 2204 608 2244 ea
628 2183 704 2243 tabes
722 2184 870 2266 legionum
885 2208 958 2267 quo-
1025 2177 1026 2190 ¹

284 2286 362 2349 que,
387 2268 602 2327 &auxiliorum
627 2284 718 2323 motas
740 2271 797 2343 jam
822 2287 958 2337 mentes,
1025 2265 1026 2270 ¹

284 2346 432 2429 postquam
450 2348 596 2429 vulgatum
613 2366 671 2405 erat
685 2346 777 2405 labare
796 2347 960 2407 Germanici

285 2429 418 2488 exercitiis
424 2428 517 2507 fidem.
534 2426 671 2508 Adeoque
680 2447 774 2506 parata
783 2428 856 2507 apud
865 2431 959 2489 malos

286 2509 410 2579 seditio,
433 2510 516 2567 etiam
540 2507 614 2587 apud
631 2510 755 2589 integros
768 2508 959 2569 dissimulatio

286 2590 368 2659 fuit,
396 2608 426 2647 ut
457 2588 565 2669 postero
587 2588 689 2649 Iduum
708 2589 776 2660 die,
794 2589 958 2650 redeuntem

286 2694 304 2730 a
326 2690 404 2731 coena
425 2668 575 2730 Othonem
595 2672 698 2750 rapmri
718 2670 843 2741 fuerint,
865 2673 897 2730 ni
918 2675 960 2731 in-

287 2770 361 2813 certa.
386 2748 475 2813 nostis
483 2798 494 2825 ,
514 2762 542 2815 &
559 2750 620 2811 toti
637 2752 704 2811 urbe
722 2750 815 2832 sparsa
833 2753 959 2812 militum
