2100 3650
269 325 337 390 132
388 300 426 370 C.
455 301 606 370 Corn.
639 303 824 370 TAcrrr

265 420 408 503 praedam,
437 440 485 480 aut
509 423 533 481 si
561 439 747 504 repugnatum
780 419 878 490 foret,
913 418 948 481 ad

266 503 407 564 excidium
432 501 628 573 destinabant3
649 502 781 562 obnoxiis
800 501 950 571 ducibus,

265 595 295 646 &
321 583 469 663 probibere
494 605 554 644 non
574 585 648 644 ausis
671 607 678 640 ι
704 580 798 642 mimis
822 584 949 642 avaritia

265 669 297 726 in
313 666 448 736 Caecina,
465 667 531 746 'plus
546 666 711 726 ambitionis
729 689 735 722 ι
754 664 892 734 Valens,
911 665 950 724 ob

265 749 343 807 lucra
364 757 392 808 &
424 745 540 828 quaestus
570 745 705 816 infamis,
728 743 820 828 ebque
851 747 951 806 alienae

266 831 354 893 etiam
371 830 457 908 culpae
473 829 671 888 dissimulator.
688 829 753 887 Jam
774 827 888 906 pridem
909 847 952 887 at·

267 912 340 971 tritis
358 911 445 970 Italiae
465 911 566 978 rebus,
585 928 696 969 tantum
718 908 848 990 peditum
870 911 951 991 equi·

267 1013 411 1072 tumque,
436 993 502 1062 vis,
532 992 713 1072 damnaque,
749 999 777 1050 &
813 993 953 1070 injuriat,

268 1094 340 1158 aegre
361 1073 560 1133 tolerabantur.

310 1155 406 1218 LVII.
430 1154 545 1214 Interim
566 1154 720 1224 Vitellius,
745 1154 875 1214 ridlotiae
896 1175 951 1213 suat

269 1238 396 1308 nescius,
412 1254 443 1294 ut
459 1235 497 1296 ad
514 1238 657 1317 integrum
677 1235 785 1294 bellum
795 1281 807 1304 ,
826 1236 951 1316 reliquas

270 1319 436 1379 Germanici
455 1316 590 1378 exercitiis
610 1319 683 1375 vires
698 1312 841 1380 trahebat.
865 1317 952 1376 Pauci

270 1419 395 1458 veterum
415 1400 539 1458 militum
560 1401 590 1458 in
610 1395 732 1457 hibernis
752 1400 867 1469 relicti,
891 1397 951 1458 fes·-

208 1549 211 1552 ,
270 1482 367 1542 sinatis
396 1501 443 1560 per
465 1480 574 1541 Gallias
599 1479 772 1550 deleciibus,
795 1500 827 1538 ut
852 1501 951 1540 rema-

270 1564 401 1621 nentium
433 1562 579 1644 legionum
602 1563 719 1620 nomina
749 1561 952 1641 supplerentur.

271 1643 351 1704 Cura
380 1645 446 1721 ripae
472 1643 641 1702 Hordeonio
671 1643 773 1702 Flacco
806 1646 955 1722 permissa.
1033 1665 1034 1692 t

272 1724 335 1805 Ipse
356 1746 371 1783 e
393 1725 555 1784 Britannico
575 1724 683 1786 delectu
699 1727 766 1782 osto
784 1725 880 1786 millia
900 1725 956 1784 sibi

270 1807 400 1887 adjunxit
423 1831 429 1865 ε
450 1815 478 1866 &
499 1828 652 1887 paucorum
679 1805 786 1866 dierum
808 1807 863 1865 iter
890 1828 955 1887 pro-

272 1912 395 1974 gressui,
420 1910 566 1963 prosperas
594 1892 668 1964 apud
690 1889 857 1948 Bedriacum
889 1912 955 1960 res,

271 1996 304 2037 ac
316 1991 401 2031 morte
419 1970 543 2031 Othonis
557 1972 706 2029 concidisse
719 1970 819 2027 bellum
832 1972 955 2051 accepit.
1034 2008 1035 2017 .

251 2052 386 2112 .Vocati
408 2054 567 2121 concione,
587 2054 718 2111 virtutem
739 2051 864 2110 militurn
885 2052 952 2113 lau-

271 2135 354 2194 dibus
374 2134 507 2193 cumulat.
528 2131 690 2193 Postulante
708 2134 848 2203 exercitu,
867 2152 900 2191 ut
919 2136 954 2192 li-

269 2218 372 2278 bertum
385 2237 483 2286 suum,
500 2214 676 2285 Asiaticum,
693 2214 802 2294 equestri
815 2216 957 2292 dignitate

236 2315 238 2318 ’
270 2302 385 2358 donaret
398 2342 411 2367 ,
437 2294 614 2355 inhonestam
647 2296 842 2357 adulationem
871 2317 957 2355 com-

272 2380 368 2462 pescit.
394 2378 493 2449 Dein,
527 2377 686 2437 mobilitate
712 2378 820 2458 ingenii
830 2406 846 2446 ·,
874 2378 956 2457 quod

271 2463 368 2542 palam
395 2461 557 2533 abnuerat,
587 2460 660 2517 inter
689 2476 791 2517 secreta
826 2461 956 2519 convitii

272 2545 417 2624 largitum
444 2538 650 2620 honoravitque
673 2540 831 2599 Asiaticum
855 2562 953 2606 annu-

272 2626 328 2692 lis,
350 2621 461 2682 foedum
478 2623 671 2701 mancipium,
690 2630 717 2681 8(
739 2620 822 2681 malis
845 2622 954 2681 artibus

235 2766 237 2770 ,
270 2705 464 2767 ambitiosum.

311 2784 422 2849 LVIII.
443 2781 549 2847 Iisdem
573 2783 672 2847 diebus
692 2785 841 2845 accessisse
857 2784 954 2859 parti·
