2100 3650
216 310 527 380 Hirronrnntrsr
551 293 691 374 lint.
749 319 792 392 17

118 421 295 490 licinianum
322 429 425 490 arcessi
451 425 530 506 jubet
562 447 571 482 τ
606 445 654 486 seu
683 421 794 504 proprii

118 512 278 580 alestione,
302 510 381 578 sive,
406 526 437 568 ut
458 507 575 588 quidam
598 505 794 576 crediderunt,

74 612 76 615 ’
117 592 233 651 Lacone
258 587 398 660 instante,
428 591 496 659 cui,
525 586 599 666 apud
629 586 795 646 Rubellium

116 673 270 742 Plautum,
291 672 411 730 exercita
432 690 496 729 curn
517 669 620 728 Pisone
640 668 793 730 amicitia:

116 751 165 814 sed
186 752 289 812 callide
311 771 340 811 ut
361 753 491 835 ignotum
508 747 644 821 fovebat,
670 755 697 810 it
708 767 796 886 prosa

114 854 181 914 peta
209 834 242 893 de
267 833 368 894 Pisone
390 832 468 892 fama
490 830 610 890 consilio
630 833 687 906 ejas
728 827 795 888 dem

114 914 274 975 addiderat
294 913 380 982 Piso,
403 913 448 973 M.
469 911 575 972 Crasso
597 919 625 970 δι
646 908 796 970 Scribonii

117 999 250 1078 genitus,
274 995 378 1056 nobilis
399 996 559 1073 utrimque,
574 991 655 1050 vultu
673 987 792 1050 babitu-

117 1098 174 1156 que
199 1077 286 1136 motis
306 1077 434 1156 antiqui,
466 1083 493 1134 δι
515 1071 697 1132 estimatione
719 1069 796 1132 reue

118 1177 250 1228 severus,
274 1153 391 1218 dereritis
420 1155 663 1234 interpretantibus
692 1151 796 1210 tristior

118 1234 277 1298 habebatur
295 1252 349 1298 sea
365 1255 426 1316 pars
444 1256 555 1297 morum
571 1240 643 1313 ejus,
663 1230 722 1316 qub
736 1253 799 1295 sus⁴

117 1321 227 1400 pecliot
250 1319 397 1388 sollicitis,
418 1317 566 1398 adoptanti
587 1315 722 1394 placebat.

160 1400 231 1460 XV.
253 1397 343 1482 Igitur
363 1399 476 1470 Galba,
497 1395 667 1478 apprehensi
686 1395 797 1456 Pisonis

118 1501 228 1552 manu,
254 1482 283 1539 in
306 1478 380 1540 hunc
405 1477 522 1540 modunl
549 1478 657 1538 locutus
687 1476 796 1546 ferrost

119 1559 155 1620 Si
171 1579 198 1620 te
213 1562 360 1636 priuatus,
383 1563 438 1640 lege
454 1563 581 1629 cunata,
600 1562 674 1633 apud
684 1556 798 1635 pontifi*

118 1665 184 1712 ces,
202 1661 232 1701 ut
247 1643 331 1702 moris
345 1643 380 1722 est
390 1688 401 1711 ,
412 1644 590 1716 adoptarem
604 1638 631 1698 i!
647 1636 718 1698 miii
728 1659 799 1716 egra

116 1727 195 1802 giam
207 1739 266 1782 erat
275 1741 356 1794 tune,
372 1723 497 1797 Pompeii
509 1719 536 1781 ἃ
549 1719 594 1780 Μ.
615 1721 709 1782 Crassi
721 1718 800 1778 subo·

120 1807 174 1865 lent
192 1805 222 1863 in
235 1824 349 1881 penates
362 1825 434 1864 meos
453 1803 619 1874 adsciscere,
638 1798 734 1863 &ribi
749 1800 797 1859 irt-

120 1889 217 1964 signe,
240 1884 368 1961 Sulpiciu
387 1908 419 1945 ae
441 1886 560 1945 Lutatiae
582 1886 697 1950 mesra,
720 1880 798 1939 nobi·

121 1968 201 2025 litati
219 1986 270 2027 tue
288 1968 432 2048 aeip'erisser
448 1968 532 2025 Nune
549 1988 590 2023 me
601 2010 613 2033 ,
630 1966 738 2023 &onem
749 1959 798 2021 iro-

119 2050 273 2125 minumque
290 2070 420 2107 consensu
439 2050 476 2107 ad
493 2046 635 2120 imperium
652 2062 797 2115 uocatum,

115 2130 251 2203 preclara
272 2129 377 2188 indoles
398 2146 466 2197 tua,
487 2125 514 2187 is
535 2148 613 2185 arnor
628 2127 727 2200 patria
741 2126 797 2183 im·

114 2212 220 2285 pulit,
254 2228 283 2267 ut
307 2210 511 2284 principatum,
541 2211 573 2266 de
599 2228 651 2283 quo
681 2208 799 2286 majores

120 2291 204 2372 nostri
239 2292 326 2349 armis
357 2290 520 2357 certabunt,
554 2288 624 2347 bello
662 2290 797 2360 adeptus,

120 2372 271 2449 quiescenti
292 2370 425 2448 offeram,
444 2371 565 2442 exemplo
582 2369 643 2427 diui
662 2367 799 2448 Augusti,

120 2454 168 2529 qui
185 2453 291 2511 sororis
296 2452 389 2531 filium
401 2450 584 2519 Marcellum,
600 2451 663 2507 dein
670 2470 798 2527 generum

118 2533 295 2612 Agrippam,
310 2554 374 2590 ntou
383 2550 491 2606 nepotes
503 2553 568 2591 suus
575 2573 586 2600 ,
597 2530 726 2610 postremi
746 2528 797 2587 Ti-

119 2614 225 2673 berium
234 2614 373 2673 Neronem
380 2615 555 2691 priuignum,
567 2613 597 2669 in
604 2611 730 2684 proximo
742 2610 798 2669 sibi

111 2695 232 2776 fastigio
253 2694 409 2753 collocavit.
437 2692 492 2752 Sea
513 2692 648 2771 Augustus
669 2692 699 2749 in
719 2694 800 2751 domo

119 2798 300 2839 successorem
316 2774 441 2854 quesivit
465 2796 476 2834 .·
496 2796 566 2853 ego,
586 2776 616 2835 in
632 2772 720 2849 repub.
743 2792 801 2831 nort
