2100 3650
238 287 285 350 42
349 255 390 331 c:
416 261 561 330 coru.
591 259 777 328 Tactrr

240 380 394 440 tumoribus
417 381 528 450 solim,
549 380 754 438 rmritterentm.
776 378 915 460 Namque

241 462 384 602 gregarius
395 460 476 519 miles
486 505 495 530 ,
507 479 540 518 ut
549 459 683 518 tributum
691 479 831 530 annuum,
845 481 915 540 pen·

263 541 337 600 ebat.
363 541 472 616 Quarta
499 561 563 620 pars
585 541 724 619 manipuli
746 560 839 620 sparsa
863 560 916 620 per

241 640 433 692 commeatus,
445 638 494 680 aut
506 624 537 680 in
552 622 620 699 ipsis
635 619 729 680 castris
738 641 829 704 vaga,
842 619 914 681 dum

243 704 401 762 mercedem
431 703 588 760 centurioni
619 703 793 772 exsolveret3
821 718 915 783 neque

243 783 364 842 modum
391 785 484 842 oneris
509 784 683 862 quisquam,
714 803 806 864 neque
825 800 916 865 genus

244 863 364 946 quaestits
384 866 462 944 pensi
480 861 603 922 habebat
624 887 632 921 ε
655 885 704 943 per
719 865 867 923 latrocinia
886 873 917 924 δι

245 965 360 1025 raptus,
377 963 425 1004 aut
442 945 587 1003 servilibus
601 943 774 1014 ministeriis,
794 945 918 1003 militare

246 1028 340 1085 otium
365 1025 550 1085 redimebant.
577 1022 655 1082 Tum
684 1025 918 1124 locupletissimus

268 1108 365 1188 uisque
384 1106 486 1176 miles,
503 1106 600 1164 labore
614 1126 648 1164 ac
666 1108 772 1165 saevitia
783 1105 897 1188 fatigari
906 1129 917 1178 3

246 1128 338 1247 donec
363 1189 542 1248 vacationem
563 1205 667 1245 emeret
678 1209 686 1243 ε
698 1188 747 1244 ubi
760 1185 919 1265 sumptibus

248 1267 415 1340 exhaustus,
440 1265 569 1327 socordiai
597 1269 709 1346 insuper
731 1268 774 1326 ela
833 1287 917 1337 erat,

248 1350 331 1429 inops
350 1370 400 1428 pto
421 1349 580 1427 locuplete,
600 1357 628 1407 &
644 1350 716 1407 iners
728 1287 920 1427 pontiliano,

250 1432 280 1488 in
290 1431 465 1508 manipulum
474 1429 603 1487 redibat:
618 1449 651 1487 ac
661 1429 922 1509 tursusaliusatque

250 1511 340 1580 alius,
361 1509 459 1568 eidem
477 1507 597 1592 egestate
607 1529 640 1566 ac
652 1508 767 1569 licentii
779 1509 922 1589 corrupti,

253 1589 290 1649 ad
317 1591 508 1650 seditiones&
526 1590 704 1660 discordias,
725 1599 752 1650 δι
772 1588 810 1649 ad
832 1609 926 1648 extre·

251 1691 352 1741 mum,
373 1671 448 1730 bella
475 1672 568 1730 civilia
591 1671 718 1730 ruebant.
740 1671 795 1731 Sed
814 1667 924 1742 Otho,

251 1772 288 1812 ne
308 1753 388 1835 vulgi
403 1753 577 1835 largitione,
600 1753 793 1811 centurionum
810 1753 925 1812 animos

252 1852 417 1906 averteret,
448 1836 550 1913 fircum
579 1856 659 1893 suum
684 1836 843 1894 vacationes
870 1856 925 1893 atr·

253 1938 323 1975 nuas
341 1916 527 1975 exsolutorum
554 1916 666 1973 romisit
684 1936 691 1970 ε
711 1934 770 1973 tem
782 1910 858 1973 baud
870 1914 927 1975 du-

254 1996 301 2059 bie
322 1997 440 2066 utilem,
457 2005 484 2055 &
500 2018 517 2053 a
534 1936 617 2054 donis
626 1993 720 2075 postea
731 1995 925 2076 principibus,

254 2078 435 2157 perpetuitate
467 2075 619 2155 disciplinae
657 2074 808 2136 firmatam.
845 2076 928 2136 Laco

256 2155 420 2237 pracfecius,
442 2176 589 2237 tamquam
611 2158 642 2215 in
663 2157 782 2217 insulam
807 2176 930 2238 sepone·

254 2254 346 2308 tetur,
362 2238 399 2297 ab
418 2256 557 2308 evocato,
578 2257 663 2318 quem
684 2238 721 2297 ad
744 2236 848 2297 caedem
867 2245 930 2319 ejus

256 2314 338 2377 Otho
348 2320 533 2398 ptaemiserat,
544 2316 697 2378 confossus.
708 2318 742 2377 In
750 2319 930 2379 Mattianum

256 2396 384 2471 Icelum,
402 2419 433 2460 ut
453 2400 484 2460 in
505 2399 660 2472 libertum,
682 2400 778 2481 palam
797 2399 931 2461 animad-

254 2500 374 2541 versum.
726 2503 729 2508 ·

298 2558 421 2621 XLVII.
442 2560 552 2621 Eratio
568 2581 616 2641 pet
626 2562 728 2621 scelera
741 2559 806 2632 die,
827 2563 929 2621 novis6

259 2642 363 2701 simum
382 2642 522 2701 malorum
537 2641 592 2700 fuit
609 2642 713 2702 latitia,
728 2643 825 2701 Vocat
843 2663 931 2701 sena·

260 2740 321 2784 urm
334 2742 432 2804 ptaetor
446 2722 568 2785 urbanus
582 2744 590 2781 t
603 2742 711 2787 certant
723 2722 933 2786 adulationibus

878 2840 903 2893 Χ
