2100 3650
254 230 296 321 98
377 231 413 302 C.
442 228 589 305 Couu.
621 232 808 305 TAcrsr

263 388 267 396 ‚
292 353 375 414 XIV.
391 354 538 413 Imminere
556 356 708 429 provincia
731 353 936 431 Narbonensi,²

252 435 283 495 in
293 434 376 495 verba
393 435 508 494 Vitellii
522 438 639 505 adalloe,
653 438 768 499 classem
785 436 908 499 Othonis
915 486 930 515 ,

251 515 353 596 trepidi
367 518 464 575 nuncii
474 516 564 575 Fabio
577 516 695 577 Valenti
711 517 834 579 attulere.
852 519 931 579 ride·

250 616 315 657 rant
332 597 421 677 legati
442 596 638 669 coloniarum,
658 599 794 657 auxilium
805 620 929 663 orantes.

250 676 332 738 Duas
348 678 531 761 Tungrorum
546 676 691 751 cohortes,
708 697 828 759 quatuor
846 685 930 762 equi-

250 775 314 818 tum
323 776 445 831 aumas,
458 761 616 820 universam
633 759 820 821 Treverorum
831 762 907 822 alam
915 809 929 835 ,

251 841 421 903 cumlulio
446 839 595 911 Classico,
617 839 766 921 praefecto,
788 844 891 901 misit:
911 864 930 905 e

251 922 354 1001 quibus
370 942 432 1003 pars
450 923 488 981 in.
503 922 615 982 colonis
634 922 818 1001 Forojuliensi
839 944 929 985 reteri·

252 1019 303 1073 ta,
329 1024 387 1074 ue,
412 1004 547 1063 omnibus
575 1004 662 1083 copiis
683 1004 712 1061 in
732 1002 851 1063 terrestre
875 1006 930 1065 iter

251 1084 367 1154 versis,
399 1105 490 1143 vacuo
524 1083 597 1143 mari
627 1084 720 1144 classis
750 1084 938 1149 adcelerarer.'

252 1164 417 1226 Duodecim
435 1167 561 1246 equitum
578 1184 695 1236 turmae,
713 1173 740 1224 &
754 1167 819 1226 lecti
840 1187 855 1224 e
877 1167 931 1225 'co-

253 1242 400 1319 hortibus,
427 1246 556 1317 adversus
580 1242 689 1306 bostem
716 1247 770 1305 iere
795 1270 803 1304 r
826 1246 931 1328 quibus

253 1325 387 1405 adjuncta
403 1328 542 1411 Ligurum
563 1325 680 1397 cohors,
699 1347 777 1389 vetus
794 1326 851 1387 loci
870 1350 929 1389 au-

252 1408 372 1479 xilium,
394 1416 422 1469 δι
465 1408 594 1491 uingenti
615 1408 777 1479 Pannonii,
799 1408 932 1471 nondum

253 1488 306 1549 sub
323 1490 418 1571 signis,
435 1430 498 1550 laec
515 1510 596 1548 mora
612 1490 711 1569 ptoelio
729 1512 735 1546 :
754 1489 802 1551 ted
817 1491 876 1549 acie
889 1493 934 1555 ita

255 1568 406 1642 inllruffl,
424 1589 454 1630 ut
473 1591 536 1650 pars
556 1571 753 1642 classicorum,
772 1572 867 1631 mixtis
882 1593 935 1653 pa,-

256 1653 354 1735 ganis,
375 1654 406 1711 in
425 1653 508 1713 colles
528 1653 600 1711 mari
614 1654 785 1733 propinquos
800 1673 934 1737 exsurge·

255 1752 324 1805 ret,
345 1753 482 1814 quantum
504 1736 577 1793 inter
602 1734 686 1793 colles
709 1754 741 1791 ac
759 1734 835 1792 littus
857 1738 935 1815 aequi

256 1814 335 1888 loci,
354 1817 532 1896 praetoriauus
553 1814 634 1875 miles
654 1813 795 1896 expleret,
815 1816 843 1875 in
868 1838 934 1896 rpso

256 1900 329 1962 mari
347 1918 378 1958 ut
392 1897 500 1958 adnexa
521 1898 633 1967 classis,
651 1905 678 1956 &
699 1917 799 1980 pugne
816 1915 936 1976 parata,

256 1977 409 2050 conversi,
440 1987 468 2039 &
495 1979 603 2038 minaci
625 1975 718 2036 fronte
744 1977 933 2058 pretendere-

257 2079 310 2120 tur.
321 2061 487 2131 Vitelliani,
504 2059 607 2140 quibus
623 2061 716 2118 minor
730 2057 856 2138 peditum
871 2061 933 2134 vis,

256 2142 288 2207 in
303 2142 397 2222 equite
415 2141 523 2212 robur,
545 2139 664 2218 Alpinos
689 2141 822 2220 proximis
838 2142 935 2224 jugis,

257 2219 388 2282 cohortes
419 2221 510 2282 densis
543 2220 687 2280 ordinibus
716 2217 778 2301 post
808 2223 942 2302 equitem·

209 2358 213 2364 .
257 2303 362 2370 locant.
393 2303 579 2364 Treverorum
613 2319 710 2362 trumae
744 2301 868 2362 obtulere
903 2325 936 2362 se

256 2383 331 2446 hosti
354 2386 482 2457 incaute,
508 2403 596 2465 quum
616 2385 752 2462 exciperet
768 2381 865 2443 contri
883 2404 937 2442 ve-

257 2488 369 2532 teranus
384 2467 483 2536 miles,
499 2465 615 2525 simula
631 2465 717 2524 latere
737 2467 807 2523 saxis
823 2481 939 2548 urgerer

257 2569 324 2630 apta
341 2547 378 2608 ad
391 2547 551 2627 jaciendum
568 2547 655 2604 etiam
675 2566 850 2628 paganorum
869 2566 935 2628 rna-

259 2652 311 2690 nus
329 2652 337 2688 t
353 2631 404 2710 qui
417 2631 503 2709 sparsi
517 2631 588 2687 inter
599 2628 719 2696 milites,
731 2625 832 2690 strenui
844 2627 933 2707 igna-

260 2714 362 2794 vique,
374 2711 405 2772 io
419 2711 538 2772 uictoria
553 2706 630 2769 idem
646 2707 796 2770 audebant.
812 2705 936 2770 Additus
