2100 3650
200 314 683 410 Hisnotsrinvnlmdll.
710 280 780 404 ἠρ

113 433 148 496 aci
166 434 199 493 L.
224 436 377 495 Vitellium
401 434 547 515 perducitis
567 478 578 503 ,
601 442 628 494 δι
654 432 782 493 verberi·

115 516 163 579 bus
182 514 318 587 foedarus,
332 518 424 583 inore
442 520 501 593 ejus
513 515 662 597 jugulatur.
677 514 786 585 Fuere,-

115 598 162 677 qui
179 618 293 656 uxorem
312 598 346 657 L.
367 598 482 656 Vitellii
500 596 642 659 Triariam
667 596 788 655 incesse-

116 696 189 748 tent,
202 697 349 759 tamquam
360 680 454 757 gladio
467 678 585 737 militari
596 678 701 747 cintia,
715 678 790 737 inter

116 759 210 817 labium
224 761 361 835 cladesque
373 776 529 837 expugnatu
551 758 721 828 Tarracina,
734 780 787 816 su-

111 838 189 915 perbi
205 840 325 915 saeve‘quc
350 841 457 918 egisset.
481 838 544 920 Ipse
560 839 684 899 latuearu
708 836 789 921 gestat

116 921 243 1001 prospere
264 921 305 979 rei
327 919 363 978 ad
385 918 499 983 fratrem
521 922 626 980 misit:
651 940 788 999 percunc-

117 1002 288 1081 ratusstacim
298 1002 400 1079 regredi
411 1024 459 1069 sc,
471 1023 508 1059 an
513 1004 700 1075 perdomndae
714 1004 791 1061 Cam-

113 1083 204 1158 pania
223 1082 342 1162 insistere
358 1082 471 1161 juberet.
491 1075 580 1159 Quod
596 1082 713 1143 salutate
732 1102 792 1143 nou

118 1160 208 1221 modo
235 1163 358 1242 partibus
386 1164 578 1243 Vespasiani,
609 1160 656 1223 sed
685 1164 791 1243 reipubae

120 1240 202 1303 fuit:
228 1266 295 1304 nam
320 1247 344 1304 si
365 1266 458 1305 recens
478 1242 597 1304 νίἂοιίἓι
621 1244 721 1313 miles,
745 1252 792 1315 δι,

118 1344 199 1405 super
226 1326 340 1386 insitam
366 1327 572 1405 pervicaciam,
602 1324 728 1385 secundis
755 1324 795 1385 fe-

119 1426 195 1476 τοι,
216 1405 343 1465 Romam
370 1405 583 1477 contendisset3
610 1402 686 1467 haud
710 1404 796 1485 parvi

119 1487 198 1547 mole
215 1506 374 1557 certatum,
391 1507 443 1546 nec
466 1489 524 1547 sine
544 1488 630 1547 exitio
653 1488 728 1547 urbis
748 1487 797 1547 fo·

121 1584 164 1627 ret
183 1569 308 1648 :quippe
325 1569 359 1629 L.
374 1569 509 1640 Vitellio,
524 1570 654 1649 quamvis
674 1567 796 1641 infami,

122 1648 213 1715 inerat
232 1648 385 1709 industrias
402 1671 455 1709 nec
475 1650 643 1720 virtutibus,
660 1668 693 1709 ut
710 1650 796 1721 boni,

120 1728 172 1789 sed
193 1752 251 1811 quo
277 1730 367 1793 modo
390 1733 523 1812 pessImus
553 1732 693 1813 quisque,
723 1731 799 1791 vitiis

119 1811 242 1874 valebat.

166 1893 333 1954 LXXVIII.
350 1893 429 1952 Dum
446 1891 504 1952 hnc
522 1895 553 1952 in
568 1891 691 1972 partibus
707 1893 801 1955 Vitel-

123 1972 157 2033 Iii
178 1994 331 2056 geruntur,
349 1974 486 2057 digressos
506 1972 616 2034 Narnii
632 1974 801 2054 Vespasiani

124 2059 281 2126 exercitus,
300 2052 384 2116 festos
410 2056 522 2115 Saturni
546 2055 630 2126 dies,
654 2056 805 2130 Ocriculi,

124 2155 175 2218 per
200 2140 320 2208 otium,
344 2136 480 2219 agitabat.
506 2136 602 2198 Causa
629 2155 687 2197 tam
711 2159 801 2219 pravae

122 2238 235 2289 morae,
260 2240 291 2279 ut
313 2219 482 2280 Mucianum
508 2220 707 2299 opperirentur.
739 2219 801 2278 Nec

125 2298 261 2371 defuere,
279 2305 329 2381 qui
352 2301 511 2360 Antonium
531 2301 734 2380 suspicionibus
752 2321 801 2360 ar-

125 2401 265 2462 guerent,
290 2402 437 2462 tamquam
457 2382 519 2439 dolo
542 2388 728 2451 candentem,
743 2383 803 2463 poss

127 2480 248 2523 secretas
276 2463 387 2520 Vitellii
401 2463 546 2541 epistolas,
563 2463 658 2538 quibus
676 2465 803 2522 consulas

128 2560 209 2613 tum,
234 2539 260 2600 ἃ
279 2543 396 2600 nubilem
407 2543 518 2620 filiam,
545 2539 570 2604 ἃ
590 2544 695 2602 dotales
716 2565 803 2618 opes,

123 2625 248 2699 pretium
265 2623 451 2696 proditionis,
474 2622 608 2699 offerebat.
632 2623 716 2693 Alii,
737 2626 805 2704 ficia

128 2705 211 2773 hnc,
240 2701 266 2764 ἃ
293 2707 323 2764 in
345 2703 466 2780 gratiam
491 2703 621 2763 Muciani
647 2708 805 2779 composita.

127 2785 405 2867 Quidam,onmium
413 2785 446 2847 id
452 2786 547 2846 neum
557 2788 701 2848 consilium
701 2787 806 2865 fuisse,
