2100 3650
286 340 355 387 202
411 318 447 387 C.
478 319 629 388 Coau.
662 318 868 387 TAchr

280 438 392 499 occultu
406 437 651 519 redemptabantut
677 459 771 497 :mox
791 438 877 499 rediit
897 438 961 501 Cre·

282 540 402 582 monam
425 520 549 601 reliquus
572 520 690 599 populus
712 543 719 576 τ
740 522 868 599 reposita
887 519 961 592 fora,

280 603 442 683 templaque
465 648 475 674 ,
516 598 709 661 munificentia
738 602 922 683 municipum
952 624 960 661 ι

280 693 310 745 &
329 684 521 763 Vespasianus
542 680 713 743 hortabatur.

289 815 291 822 .
321 763 451 825 XXXV.
468 763 604 826 Ceterrim
629 762 754 824 adsidere
774 764 893 845 sepultae
916 784 963 823 ut-

280 845 327 912 bis
348 848 456 917 ruinis,
482 847 570 906 noxia
599 846 667 906 rabo
689 842 792 905 humus
816 843 898 905 haud
920 846 965 906 diu

281 929 411 1009 permisit
433 950 442 986 t
464 927 501 987 ad
525 928 638 986 tertium
660 925 785 1006 lapidem
806 929 964 1009 progressi,

282 1029 375 1091 vagos
390 1027 577 1090 patentesque
591 1008 778 1077 Vitellianos,
795 1030 848 1068 sua
866 1029 965 1089 quem·

283 1110 341 1171 que
362 1090 437 1171 apud
454 1092 539 1173 signa
557 1108 744 1171 componunt.
763 1088 805 1148 Et
827 1091 913 1150 vidiat
930 1091 964 1149 le·

199 1189 203 1208 ³
284 1173 409 1255 giones,
433 1192 469 1231 ne
486 1191 627 1231 manente
654 1168 746 1231 adhuc
777 1171 860 1229 civili
892 1171 967 1231 bello

283 1254 420 1348 ambigue
434 1272 571 1348 agerent,
591 1272 639 1333 per
657 1253 802 1335 Illyricum
821 1252 963 1332 dispersa.

282 1334 319 1398 ln
336 1335 510 1394 Britanniam
524 1332 605 1406 inde,
623 1333 833 1413 &Hispanias,
847 1336 965 1394 nuncios

283 1415 473 1497 famamque,
497 1418 528 1475 in
539 1416 667 1477 Galliam
676 1415 786 1476 Julium
798 1414 963 1485 Calenum,

285 1497 450 1569 tribunum,
465 1498 495 1556 in
514 1497 701 1557 Germaniam
721 1496 863 1576 Alpinum
882 1498 966 1557 Mon·

284 1598 385 1639 tanum
397 1621 407 1651 ,
431 1577 594 1659 praefeuum
621 1576 772 1647 cohortis,
806 1576 890 1659 qubd
922 1576 964 1637 bic

285 1660 409 1731 Treuir,
430 1659 556 1721 Calenus
575 1658 709 1730 AEduus,
728 1678 845 1739 uterque
866 1661 963 1719 Vitel-

284 1743 356 1804 liani
368 1739 479 1802 fuerant
493 1787 502 1812 ,
523 1739 643 1801 ostentui
663 1742 770 1800 misere.
779 1740 883 1800 'Simul
897 1761 966 1801 uan-

284 1827 355 1886 situs
373 1824 489 1904 Alpium
510 1822 643 1904 praesidiis
663 1823 819 1903 occupati3
839 1821 965 1903 suspeiti

284 1903 461 1977 Germanii,
478 1924 626 1987 tamquam
645 1907 675 1964 in
695 1904 834 1965 auxilium
855 1906 967 1967 Vitellii

285 1990 369 2049 necin
390 2005 487 2048 eretur.
684 1996 686 2001 '

285 2102 289 2111 ·
327 2070 355 2128 X
387 2067 470 2128 XVI.
494 2067 536 2128 At
554 2067 709 2137 Vitellius,
728 2066 858 2147 profesto
877 2067 968 2130 Caeci·

285 2149 343 2221 ni,
359 2171 447 2232 quum
465 2150 586 2210 Fabium
602 2150 777 2218 Valentem,
794 2151 896 2228 paucis
908 2147 968 2230 post

285 2231 400 2301 diebus,
416 2229 575 2290 adbellutn
590 2230 761 2312 impulisset,
779 2233 851 2290 curis
871 2231 967 2292 luxum

285 2311 459 2372 obtendebat
483 2335 490 2368 ι
516 2335 575 2372 non
596 2332 691 2393 parare
712 2331 811 2382 arma,
829 2333 892 2372 non
914 2312 967 2372 ad·

285 2395 388 2477 loquio
408 2395 596 2476 exercitioque
614 2395 734 2456 militem
755 2391 890 2463 firmate,
910 2415 968 2455 non

286 2497 376 2537 more
387 2476 468 2559 vulgi
478 2496 561 2560 agere
581 2501 587 2534 ι
613 2475 660 2535 sed
682 2474 855 2535 umbraculis
867 2473 967 2535 horro-

285 2577 349 2620 rum
360 2556 497 2629 abdims,
522 2577 553 2617 ut
572 2559 676 2640 ignava
690 2556 845 2627 animalia,
863 2557 967 2637 quibus

285 2642 309 2700 si
342 2641 440 2699 cibum
463 2657 625 2723 suggeras,
660 2644 754 2718 jacent
776 2657 966 2718 torpensque,

285 2721 437 2801 praterira,
452 2719 605 2792 instantia,
626 2719 717 2779 futma
730 2765 739 2790 ,
754 2721 814 2800 pari
833 2719 965 2778 oblivio-

285 2819 322 2865 ne
356 2799 513 2865 demiserat.
528 2861 532 2866 ,
545 2801 640 2886 Atque
665 2801 770 2876 ilum,
790 2801 822 2861 in
846 2817 965 2863 nemore
