2100 3650
252 251 299 336 96
377 245 415 314 C.
444 244 809 338 Coum-TACITI

253 368 401 451 legionum
428 368 479 426 alae
506 363 691 445 cohortesque
716 361 935 444 preveniebont.

190 455 192 459 ’
254 448 300 510 Ex
324 451 384 528 ipsa
414 448 482 507 urbe
516 445 593 508 haud
621 445 775 527 spernenda
804 467 909 504 manus
925 490 938 515 ,

254 532 380 612 quinque
405 531 538 609 ptaetotiae
561 525 715 598 cohortes,
744 535 773 586 &
803 527 936 610 equitum
1028 541 1029 545 ’

254 611 358 673 uexilla
381 632 446 670 cum
468 612 582 694 legione
604 610 694 689 prima
717 631 723 665 :
745 629 778 666 ac
803 605 938 666 deforme

254 693 368 771 insuper
380 691 537 762 auxilium,
551 691 608 751 duo
620 689 711 748 millia
721 688 915 772 gladiatorum
924 733 938 756 ‚

255 772 306 832 sed
323 793 371 853 pet
385 774 480 833 civilia
497 794 576 834 arma
595 773 682 830 etiam
700 773 801 830 severis
818 769 940 830 ducibus

257 873 429 934 usurpatum.
449 855 505 915 His
521 855 610 936 copiis
628 856 718 912 rector
738 851 850 912 additus
868 851 938 910 An-

256 936 321 996 nius
345 935 466 1008 Gallus,
486 957 551 995 cum
578 932 718 995 Vestricio
740 934 883 1013 Spurinna
902 931 940 992 ad

258 1016 436 1097 occupandas
458 1018 530 1076 Padi
552 1019 625 1096 ripas
649 1016 803 1096 ptaemissus
830 1035 937 1095 :quo-

258 1099 339 1159 nlam
370 1099 461 1179 prima
489 1099 672 1159 consiliorum
698 1094 795 1156 frustra
827 1095 941 1156 cecide-

258 1198 350 1251 rant,
383 1199 552 1263 transgresso
581 1184 641 1259 jam
669 1177 756 1258 Alpes
781 1175 941 1249 Comini,
1031 1193 1032 1202 ¹

259 1281 346 1402 poem
369 1259 425 1321 sisti
450 1262 523 1322 intra
544 1261 653 1322 Gallias
670 1279 750 1338 posse
771 1278 941 1339 speraverat.

276 1363 357 1420 psum
378 1340 527 1401 Othonem
552 1342 761 1404 comitabantur
777 1341 943 1421 speculato·
1031 1385 1032 1392 κ

260 1443 325 1481 tunt
343 1423 416 1482 lecha
436 1445 576 1503 corpora,
600 1443 664 1482 cum
686 1423 783 1481 ceteris
804 1424 943 1502 praetoriis
1031 1469 1032 1494 1

261 1501 446 1576 cohortibus,
473 1507 598 1565 veterani
624 1526 640 1564 e
664 1505 815 1583 ptaetorio,
837 1503 942 1564 classi·
1031 1501 1032 1558 l

262 1605 361 1644 cotum
377 1588 477 1667 ingens
492 1607 631 1646 numerus.
648 1585 711 1646 Nec
731 1585 772 1644 illi
788 1605 876 1668 segne
893 1594 944 1646 au't
1031 1597 1032 1608 ¹

262 1686 423 1747 cottuptum
453 1669 518 1728 luxu
546 1670 597 1727 iter
626 1691 632 1724 :
662 1667 709 1728 sed
734 1665 823 1726 loticci
852 1665 944 1726 ferrei

262 1768 326 1808 usus
352 1747 410 1819 est,
435 1757 463 1808 &
489 1769 554 1809 ante
585 1751 666 1832 signa
688 1747 831 1830 pedester,
853 1745 944 1808 horti·
1031 1799 1032 1804 ,

262 1830 332 1901 dus,
354 1832 536 1911 incomptus,
554 1830 693 1912 famaeque
712 1830 867 1892 dissimilis.

304 1911 372 1972 XII.
394 1912 595 1982 Blandiebatut
613 1915 713 1992 coeptis
732 1911 862 1983 fortuna,
880 1934 944 1993 pos-

267 1992 341 2053 sessh
369 2014 416 2073 pet
447 2014 524 2054 mare
557 2004 584 2055 &
606 2014 692 2055 naues
717 1999 825 2072 majone
851 1994 943 2055 Italiae

263 2093 362 2155 parte,
385 2076 494 2154 penitus
512 2097 599 2157 usque
623 2074 660 2135 ad
686 2076 800 2135 initium
831 2078 945 2135 mariti·

263 2176 375 2216 matum
400 2156 517 2236 Alpium
543 2182 551 2215 ι
578 2158 680 2237 quibus
703 2156 865 2229 tentandis,
891 2158 944 2219 ad-

264 2235 478 2378 {rediendaeque
521 2240 671 2318 provinciae
717 2239 901 2302 Narbonensi
932 2282 944 2310 ,

286 2317 400 2377 uedium
426 2319 625 2389 Clementem,
645 2321 804 2379 Antonium
825 2319 942 2380 Novel-

264 2400 349 2469 lum,
367 2399 522 2461 AEmilium
546 2402 698 2462 Pacensem
717 2402 799 2463 duces
819 2400 945 2465 dederat.

265 2481 323 2543 Sed
337 2482 468 2543 Pacensis
484 2504 533 2563 pet
552 2484 695 2546 licentiam
714 2484 839 2546 militum
856 2486 942 2545 vinc-

265 2581 310 2622 tus
331 2586 338 2619 ε
361 2563 490 2623 Antonio
515 2564 641 2627 Novello
662 2566 740 2627 nulla
761 2567 913 2627 auclotitas
935 2588 944 2625 t

265 2642 384 2705 Suedius
407 2645 542 2707 Clemens
569 2648 721 2713 ambitioso
748 2648 869 2727 imperio
895 2668 944 2707 te-

266 2725 371 2809 gebat,
396 2745 427 2795 ut
441 2727 578 2797 „adventus
599 2726 767 2794 modestiam
788 2727 946 2808 disciplinae

780 2818 945 2892 cortuptus,
