2100 3650
254 337 314 395 410
395 316 451 378 Iu
483 316 683 378 Lunum
720 317 802 379 ΙΙΙ.

184 436 188 443 “
263 461 267 468 .
291 443 317 494 3.
341 423 379 476 Eo
399 441 470 474 meru.
489 427 529 474 Ne
552 424 643 476 milites
659 423 735 476 fidem
753 435 884 476 mutarent
904 425 941 478 Ee

248 502 335 569 paucis
345 537 352 559 ,
363 499 416 550 scil.
424 498 575 561 amicorum,
585 515 648 565 quos
656 497 736 550 Romi
745 513 833 550 seeum
842 501 943 550 eduae·

251 587 291 626 rat
301 607 310 631 ,
328 571 496 622 comitantibus
514 573 606 638 ipsum.

217 679 220 683 >
288 647 368 699 XLII.
388 661 413 697 ι.
432 645 513 696 Simul
528 659 653 696 ceterorum
664 643 805 712 fidesmetu
825 645 943 710 inftoiia.

251 721 330 772 Simul
341 721 378 771 his
388 719 482 770 Masuri
493 721 609 783 monitls,
622 734 765 778 ceterorum..
782 719 824 784 qui
844 735 942 786 nempe

250 797 387 850 Valentem
409 794 605 856 comitabantur,
620 792 685 861 fides
701 793 726 843 in
747 792 884 844 Vitellium
904 799 944 844 in·

247 867 345 935 stadia,
363 869 381 917 i.
399 883 425 919 e.
438 868 511 918 valde
528 867 603 918 ltalia
623 867 793 917 &debilitata
809 866 856 919 est.

265 972 271 984 ι
289 941 381 992 XLIII.
395 957 421 992 1.
434 939 602 992 Ramnete..
617 940 767 991 ‚volentibus
778 937 842 1003 ficit.
862 941 941 992 Grae·

155 1068 158 1074 ,
252 1032 338 1067 eorum
357 1030 427 1066 more
441 1015 545 1078 dilium,
562 1031 624 1080 pro,
644 1014 744 1064 liberates
761 1030 942 1078 remansesunt,

204 1118 210 1126 «
252 1090 280 1142 ἃ
298 1090 323 1138 in
340 1091 417 1140 verba
435 1089 584 1155 Vespasiani
603 1088 681 1140 adaili
700 1099 767 1138 sunt.

223 1186 229 1196 ·
290 1161 384 1215 XLIV.
409 1179 434 1216 ι.
451 1161 509 1213 Non
525 1163 578 1212 sine
594 1177 660 1212 matu
681 1178 815 1215 ceterarum.
832 1163 939 1214 Scilicet

250 1238 390 1306 legionum.

290 1311 372 1364 XLV.
385 1327 408 1363 ι.
417 1309 704 1377 Inflmxisseerianpium
715 1309 941 1378 Claudii..Splen·'

251 1386 340 1436 dorem
351 1385 377 1435 dr
390 1387 495 1453 gloriam
508 1383 607 1436 Claudii
619 1385 745 1451 triumpho
763 1387 795 1436 de
809 1386 937 1438 Britannis

250 1458 385 1510 addidisse.
398 1461 461 1509 Nam
469 1458 607 1525 triumphus
619 1459 662 1510 ille
674 1458 773 1510 Claudii
787 1461 885 1528 aliquot
895 1477 939 1513 an·

252 1533 290 1584 nis
302 1531 426 1582 anterior.

289 1606 381 1659 XLVI.
404 1619 427 1656 ι.
445 1604 528 1656 Prima
544 1623 617 1656 raram
636 1605 654 1656 i.
672 1621 698 1656 e.
714 1605 808 1674 primos
827 1619 937 1660 eventus

250 1697 343 1733 rerum.

289 1751 395 1807 XLVII.
418 1769 442 1804 1.
463 1750 610 1803 Polmeonis.
634 1751 711 1822 Regis
730 1751 844 1817 Pontici,
862 1755 937 1822 cujus

253 1830 369 1883 meminit
383 1827 450 1877 Ann.
470 1842 503 1887 2,
522 1828 573 1891 56.

291 1920 318 1955 a.
333 1900 452 1965 Vetustam
461 1901 527 1953 Asia
536 1905 669 1968 ciuitatem.
683 1900 711 1952 ln
722 1901 791 1953 Flos.
806 1903 935 1965 scribitur,

252 1976 431 2040 mustamoma
449 1979 581 2029 civitatem.
601 1977 711 2028 Omnino
730 1977 863 2043 legendum
877 1994 935 2027 cum

252 2050 338 2117 Lipsio
351 2050 377 2102 δι
389 2050 560 2103 Freinshemio
571 2049 873 2115 oetastdfamdciviaatem.

290 2124 407 2177 XLVIII.
427 2140 452 2177 t.
474 2120 633 2174 Vexillarios.
646 2123 762 2175 Ernestus
776 2123 816 2175 hic
838 2124 865 2175 δι
878 2124 934 2174 aliis

251 2197 335 2249 Taciti
345 2199 408 2249 locis
417 2198 538 2265 intelligit
547 2201 635 2247 tirones
645 2216 658 2249 ι
669 2197 818 2267 legionidlu,
829 2199 935 2277 eogdaaa·
1039 2228 1040 2239 t

252 2289 298 2339 qua
315 2275 356 2339 qui
370 2272 429 2321 olim
444 2272 540 2334 inflati.
554 2268 702 2323 Vexillarios
716 2284 799 2323 autem
809 2272 868 2322 ideo
882 2272 936 2321 die·

251 2358 312 2407 tos,
325 2344 390 2413 qudd
410 2362 476 2411 sape
490 2346 537 2397 sub
558 2346 777 2405 vexillis-essent.
794 2364 809 2397 a
825 2362 935 2411 corpore

250 2420 361 2489 legionis
379 2436 430 2471 suae
450 2420 596 2488 frequenter
614 2419 754 2482 amandati,
770 2421 800 2469 ad
822 2420 937 2486 praesidia

252 2495 366 2562 agenda,
383 2495 413 2544 ad
429 2495 480 2545 sios
495 2494 656 2559 muniendas,
674 2505 765 2560 pontes
783 2494 810 2545 δι
828 2509 935 2562 aggeres

251 2567 380 2619 sstuendos
401 2567 450 2619 dte.

292 2656 318 2692 2.
329 2640 360 2691 ln
372 2642 430 2704 oJiio
436 2641 546 2709 flaminis
559 2640 658 2704 Coiidi,
671 2655 747 2691 tutum
756 2640 801 2690 aui
813 2641 934 2692 saorla·

253 2719 330 2781 (orum
338 2720 401 2785 rogis
410 2715 514 2767 auxilio.
525 2716 558 2767 Et
568 2715 656 2766 fluvius
669 2714 783 2767 Collibus
792 2752 800 2778 ,
809 2714 836 2765 δι
849 2715 933 2765 Sedo-

253 2789 325 2841 chezi
339 2791 425 2859 populi
436 2789 530 2857 pariter
540 2789 631 2859 ignoti.
644 2788 753 2841 Colerus
764 2788 882 2841 emendat
891 2824 899 2853 ,
908 2793 933 2839 in
