2100 3650
259 370 325 438 342
381 348 416 417 C.
445 348 592 416 cons.
625 346 813 413 TAcrrr

254 470 353 528 ceteris
374 465 562 536 mortalibus,
587 463 700 524 indidit.
724 460 850 523 Profana
876 464 938 524 illic

255 551 376 620 omnia,
396 568 458 630 quae
471 546 547 628 apud
562 568 615 606 nos
627 567 704 607 sacra
719 566 847 605 :censum
866 566 940 605 con-

255 652 332 691 cessa
358 629 433 711 apud
448 629 537 701 illos,
555 649 618 710 quae
634 628 717 687 nobis
737 626 850 688 incesta.
871 628 941 688 Effi-

257 715 334 795 giem
358 712 508 781 animalis,
534 731 592 792 quo
613 708 784 769 monstrante
813 729 941 770 errorent

209 836 211 839 -
256 795 389 873 sitimque
416 792 595 875 depulerant,
615 790 750 873 penetrali
769 811 941 865 sacravere3

256 896 326 934 caeso
343 877 445 946 ariete,
468 874 545 935 velut
566 875 596 931 in
616 873 822 932 contumeliam
840 872 942 933 Ham·

255 957 360 1017 monis.
395 956 450 1016 Bos
479 974 593 1037 quoque
625 955 790 1013 immolatur
809 1000 821 1023 ,
850 975 941 1036 quern

255 1035 379 1139 AEgynti
400 1038 478 1117 Apin
498 1038 604 1097 colunt.
621 1036 676 1096 Sue
695 1032 858 1107 abstinent,
881 1056 943 1096 me·

258 1122 350 1178 moria
372 1118 475 1189 cladis,
498 1118 555 1199 qui
573 1120 647 1197 ipsos
666 1117 772 1177 scabies
788 1117 941 1197 quondam

257 1218 433 1281 turpaverat,
447 1200 492 1260 cui
505 1200 535 1258 id
553 1200 661 1259 animal
673 1199 842 1259 obnoxium.
863 1200 944 1260 Lon-

279 1302 327 1341 am
357 1283 428 1343 olirn
450 1280 559 1342 famem
583 1282 685 1340 crebris
709 1277 801 1341 adhuc
826 1284 943 1360 jejuniis

210 1396 212 1400 ·
255 1302 388 1426 iatennu.
418 1364 457 1425 Et
480 1384 510 1423 ta
530 1383 622 1423 tarum
650 1361 764 1446 frugum
789 1384 943 1446 argumen-

252 1464 339 1516 tum,
384 1448 444 1505 anis
464 1385 598 1506 Juiaicus
618 1444 696 1504 nullo
716 1443 876 1516 fermento,
895 1466 942 1505 te-

258 1526 337 1587 tinet.
357 1467 480 1601 ieptimo
499 1528 544 1587 die
560 1528 646 1585 otium
658 1527 798 1600 placuisse
818 1525 913 1586 ferunt
931 1548 941 1585 τ

258 1609 325 1686 quia
339 1610 461 1689 is'firrem
475 1610 597 1667 lobontm
622 1609 736 1678 tulerit,
755 1609 839 1678 dein,
858 1608 941 1667 blan-

258 1691 350 1750 diente
380 1690 504 1761 inertid,
534 1691 678 1763 septimum
707 1710 807 1767 quoque
837 1711 942 1749 annum

258 1773 379 1852 ignavie
391 1774 493 1833 datum.
512 1770 733 1842 Alii,·lronorem
745 1792 804 1840 eum
817 1768 942 1831 Saturno

259 1854 355 1914 haberi
377 1854 624 1931 :seu,principio
647 1854 790 1932 religionis
809 1855 943 1912 tradenti·

259 1935 309 1996 bus
332 1937 437 2008 Idaeis,
462 1958 607 2013 quoscum
634 1933 755 1993 Saturno
772 1935 891 2009 pulsos,
911 1932 940 1995 fs*

259 2019 413 2078 conditores
436 2019 528 2096 geneis
551 2019 724 2090 accepimus,
747 2034 814 2086 seu,
835 2017 941 2093 quode

260 2117 362 2172 septem
386 2098 540 2169 sideribus,
560 2098 621 2176 quis
646 2098 774 2156 mortales
789 2116 938 2176 reguntur,

259 2179 401 2238 altissimo
416 2180 494 2251 orbe,
515 2177 543 2240 δ’
556 2179 692 2254 precipui
703 2180 844 2253 potentii,
857 2180 940 2258 flella

261 2259 378 2318 Saturni
403 2263 538 2338 ferrem
559 2284 591 2320 oe
611 2263 738 2338 pleraque
772 2260 939 2340 celestium,

262 2343 321 2403 vim
340 2364 419 2400 suom
436 2339 462 2403 Ee
479 2364 586 2402 cursum
603 2344 732 2417 septimos
745 2362 798 2414 per
815 2363 939 2402 numeros

261 2425 416 2504 conficiant.

302 2505 342 2564 V.
369 2505 411 2564 Hi
436 2507 524 2576 titus,
550 2525 668 2586 quoquo
693 2501 782 2564 modo
808 2501 938 2575 inducti,

261 2587 430 2667 antiquitate
452 2585 639 2646 defenduntur
667 2609 674 2643 e
701 2603 790 2644 cetera
814 2581 938 2645 instituta

262 2665 390 2738 sinistra,
418 2666 514 2739 foeda,
541 2669 676 2748 pravitate
708 2666 828 2726 valuere.
859 2665 938 2724 Nam

263 2749 397 2826 pessimus
420 2751 556 2830 quisque,
577 2751 673 2828 spretis
690 2747 872 2830 religionibus
888 2767 938 2826 ps-

264 2829 339 2900 triis,
361 2829 465 2890 tributa
480 2835 520 2892 ⁸&
548 2826 631 2910 stipes
653 2829 719 2890 illuc
740 2828 937 2911 congerebant.
