2100 3650
207 315 523 438 Hesionmnun
540 347 624 418 Lrn.
638 350 688 418 11.
719 357 781 439 163

96 469 206 530 omnia
220 469 276 528 alia
293 470 378 529 militi
394 469 573 552 largiebatur.
588 469 696 529 Liberti
714 473 789 551 prin-

99 554 221 632 cipum,
241 551 361 629 conferre
374 573 428 625 pro
444 573 554 610 numero
573 554 787 626 mancipiorum,

99 652 137 692 ut
157 633 312 702 tributum,
342 634 418 712 jussi.
453 632 537 712 lpse,
563 631 624 691 soli
653 633 788 713 perdendi

100 710 193 784 cuti,
222 711 331 772 stabula
361 714 466 795 aurigis
493 711 627 772 exstruere
649 737 657 772 t
683 717 788 776 circum

101 793 299 878 gladiatorum
327 792 504 876 ferarumque
536 796 700 876 spedaculis
729 819 787 878 op·
815 790 817 800 ’

100 875 182 957 plere
205 899 214 933 ε
235 895 383 956 tamquam
404 877 435 936 in
457 897 570 937 summa
590 877 765 939 abundantia
776 924 787 952 ,

101 959 233 1038 pecuniae
247 957 382 1016 inludere.
508 971 512 977 ’

146 1037 331 1098 LXXXXV.
359 1038 440 1116 Quin
469 1047 497 1099 de
528 1039 652 1100 natalem
675 1039 788 1100 Vitellii

104 1117 205 1189 diem,
221 1117 337 1180 Caecina
353 1141 386 1180 ac
404 1121 530 1191 Valens,
547 1120 628 1180 editis
641 1120 703 1180 toti
719 1121 789 1182 urbe

102 1202 227 1261 vicatim
256 1200 479 1284 gladiatoribus,
510 1203 705 1272 celebravere,
737 1203 787 1261 in-

105 1283 189 1364 genti
207 1301 327 1362 paratu,
348 1291 376 1343 dt
391 1301 455 1342 ante
472 1282 554 1342 illum
572 1282 649 1343 diem
663 1283 788 1345 insolito.

104 1365 219 1424 Laetum
238 1361 397 1422 foedissimo
413 1365 532 1444 cuique,
544 1363 618 1444 apud
636 1362 727 1423 bonos
738 1365 788 1426 in·

103 1444 193 1505 vidire
211 1443 281 1514 fuit,
296 1442 376 1525 qutid
389 1443 532 1504 exstrudlis
549 1447 579 1504 in
596 1467 698 1526 campo
710 1446 791 1506 Mar·

107 1529 152 1586 tio
181 1528 253 1598 aris,
283 1525 398 1586 inferias
419 1527 530 1586 Neroni
552 1526 661 1587 fecisset
685 1550 692 1585 :
714 1547 790 1587 eaesae

106 1607 224 1690 publice
241 1608 365 1668 vinimae
379 1627 562 1688 cremataeque
584 1631 591 1666 t
614 1608 706 1668 facem
731 1608 791 1668 Au-

150 1685 232 1750 stales
249 1688 397 1750 subdidere
414 1713 421 1747 :
440 1689 519 1772 quod
532 1689 741 1760 sacerdotium,
760 1707 791 1752 ut

137 1770 251 1832 omulus
267 1769 356 1832 Tatio
376 1773 454 1854 regi,
478 1773 518 1831 ita
539 1770 636 1833 Caesar
659 1770 792 1833 Tiberius

108 1854 192 1915 Juliae
211 1855 290 1937 genti
316 1856 444 1914 sacravit.
472 1852 611 1912 Nondum
640 1872 792 1933 quartusa

107 1936 232 1997 victoria
253 1937 376 2006 niensis,
398 1944 426 1996 δι
447 1934 563 1993 libertus
582 1934 696 1993 Vitellii
712 1935 794 1994 Asia·
851 1984 856 2003 ,

110 2018 203 2089 ricus,
235 2017 415 2097 Polycletos,
440 2016 611 2086 Patrobios,
643 2022 671 2075 δι
698 2034 792 2078 vetera

109 2099 246 2159 odiorum
266 2100 385 2158 nomina
404 2098 543 2179 aquabat.
572 2097 670 2157 Nemo
689 2098 719 2158 in
743 2098 793 2160 illa

108 2183 177 2241 aula
191 2179 330 2260 probitate
348 2199 396 2239 aut
408 2177 542 2239 industrii
552 2180 667 2239 certavit
682 2203 688 2235 :
703 2200 792 2240 unum

110 2261 150 2321 ad
174 2263 332 2342 potentiam
365 2263 435 2332 iter,
467 2258 593 2344 prodigis
622 2261 732 2339 epulis,
764 2270 793 2321 dc

110 2362 228 2421 sumptu
248 2342 393 2425 ganeique
411 2344 509 2401 satiare
529 2342 709 2421 inexplebiles
730 2342 791 2400 Vi-

112 2426 186 2484 tellii
200 2424 341 2483 libidines.
357 2424 419 2503 Ipse
438 2422 549 2483 abunde
568 2442 641 2482 ratus
654 2468 664 2493 ,
678 2425 702 2482 si
721 2442 793 2501 prae·

112 2506 240 2565 sentibus
261 2504 412 2574 frueretur,
432 2506 533 2563 necin
553 2504 665 2587 longius
685 2503 792 2562 consul·

112 2606 197 2658 tans,
219 2589 317 2647 novies
335 2586 435 2645 millies
455 2584 629 2656 sestertium,
653 2586 791 2665 paucissi-

113 2670 171 2728 mis
192 2670 352 2739 mensibus,
373 2668 556 2727 intervertisse
581 2666 707 2726 ereditur.
727 2666 795 2725 Ma-

112 2772 172 2833 gna
191 2758 219 2809 δι
234 2751 335 2809 misera
353 2750 467 2820 civitas,
483 2750 584 2808 eodem
600 2770 675 2808 anno
688 2744 789 2806 Otho-

113 2852 183 2893 nem
204 2832 412 2914 Virelliumque
435 2850 535 2913 passa,
562 2832 634 2890 inter
664 2830 794 2901 Vinios,
