2100 3650
246 346 555 413 Hirronrrrtttm
568 341 654 409 [η.
674 340 719 410 V.
748 364 815 430 347

137 468 277 549 ingressus
295 461 343 525 tlh
365 462 434 523 lnde
450 462 621 545 vulgatum,
640 462 719 528 nulld
740 462 818 521 intus

50 600 54 606 ,
138 550 217 609 detlm
251 545 336 627 effigit
361 564 477 605 vacuasti
507 548 596 603 sedem
621 590 633 614 ,
659 540 687 604 ἃ
719 544 818 603 inania

140 650 252 689 arcana.
271 628 350 689 Muri
365 624 630 705 Hierosolymorum
643 624 745 693 diruti,
761 624 817 683 de-

140 710 253 770 lubrum
282 710 393 767 mansit.
426 708 522 776 Mox,
555 706 633 766 civili
665 707 736 765 inter
764 727 819 767 nos
916 768 920 775 ,

141 791 236 862 bello,
261 788 409 871 postquam
429 790 458 848 in
474 787 611 871 ditionem
631 786 676 847 M.
696 786 819 847 Antonii

141 873 291 954 provincia:
305 889 462 940 cesserant3
480 888 528 929 rex
545 865 713 929 Parthorum
731 868 819 928 Paco-

141 974 187 1013 rus
198 954 214 1014 J
216 951 294 1013 udaee
308 953 430 1033 potitus,
444 949 659 1031 interfedusque
669 972 686 1010 a
698 949 729 1009 P.
740 951 820 1010 Ven-

143 1034 232 1106 tidio,
251 1030 390 1095 &Parthi
408 1050 483 1093 trans
502 1030 664 1112 Euphraten
684 1030 789 1092 redad'ri
809 1052 818 1090 t

143 1116 257 1176 Judaeos
287 1114 324 1176 C.
352 1114 449 1174 Sosius
478 1112 597 1197 subegit.
623 1112 756 1197 Regnum
781 1113 820 1172 ab

144 1198 274 1257 Antonio
294 1194 405 1255 Herodi
424 1194 542 1265 datum,
567 1196 659 1254 vietor
678 1195 726 1254 Au
746 1191 821 1255 ustus

144 1281 232 1339 auxit.
257 1274 323 1337 Post
348 1294 468 1335 mortem
497 1274 641 1346 Herodis,
667 1277 698 1334 ni
721 1278 726 1289 '
765 1294 820 1333 ex-

143 1363 270 1441 spectato
298 1358 429 1429 Caesare,
457 1356 539 1417 Simo
565 1356 682 1438 quidam
711 1377 739 1416 re
762 1358 823 1417 'um

144 1462 252 1501 nornen
276 1442 422 1500 invaserat.
448 1438 476 1498 Is
495 1460 512 1498 a
536 1438 696 1515 Quinctilio
747 1458 821 1510 ato,

144 1523 291 1581 obtinente
314 1521 445 1603 Syriam,
471 1521 584 1601 punitus
612 1543 620 1577 ι
651 1527 679 1579 dt
707 1538 821 1603 gentem

145 1606 298 1663 coercitam
317 1603 398 1661 liberi
418 1600 543 1662 Herodis
561 1598 701 1680 tripertiti>
719 1622 820 1660 rexere.

145 1685 205 1745 Sub
222 1684 340 1744 Tiberio
357 1686 435 1765 quies
454 1707 461 1741 t
480 1682 545 1742 dein
565 1683 645 1760 jusssi
664 1702 680 1740 a
698 1681 737 1743 C.
758 1682 824 1742 (ἷκ-

146 1786 226 1839 sare,
243 1766 355 1848 effigiem
375 1766 433 1846 ejus
453 1767 484 1823 itt
503 1764 602 1837 templo
616 1764 724 1834 locare,
744 1782 823 1823 arma

146 1846 241 1931 potitis
263 1867 402 1928 sumpsere
426 1869 433 1903 ε
460 1867 547 1926 quern
568 1863 679 1903 motum
693 1845 824 1907 Caesaris

147 1951 225 1990 mors
247 1929 367 1989 diremit.
393 1926 554 1995 Claudius,
580 1924 719 1986 defitndiis
743 1927 822 2009 regi-

148 2011 221 2082 bus,
244 2009 347 2071 autad
368 2009 513 2068 modicum
537 2005 674 2078 redenis,
696 2006 824 2068 Judaeam

148 2093 324 2174 provinciam
341 2091 480 2171 equitibus
495 2089 654 2158 Romanis,
676 2107 725 2148 aut
743 2089 826 2148 liber·

110 2199 113 2204 ·
147 2175 186 2233 tis
202 2175 350 2253 permisit:
370 2192 385 2230 e
401 2170 503 2254 quibus
514 2171 655 2229 Antonius
669 2170 764 2241 Felix,
778 2191 827 2250 pet

148 2275 266 2315 omnem
285 2255 420 2314 sevitiam
437 2273 468 2312 ae
482 2251 650 2322 libidinem,
662 2256 705 2329 jus
716 2271 744 2310 re
767 2254 827 2310 'um

148 2337 243 2396 servili
263 2336 379 2418 ingenio
401 2335 542 2404 exercuit,
563 2331 707 2402 Drusilli‚
758 2333 825 2389 leo-

149 2437 235 2500 patrae
253 2426 280 2478 δι
300 2417 420 2476 Antonii
438 2433 545 2494 nepte,
563 2416 593 2472 in
612 2414 827 2473 matrimonium

73 2559 76 2570 ,
150 2499 265 2580 accepti
289 2521 296 2555 t
323 2515 354 2556 nt
373 2495 496 2573 ejusdem
520 2495 641 2555 Antonii
659 2493 737 2553 Pelix
756 2513 826 2574 pro-

149 2601 238 2664 gener
249 2626 258 2651 ,
271 2577 420 2640 'Claudius
443 2596 531 2656 nepos
554 2593 633 2635 esset.

192 2661 229 2723 X.
263 2661 385 2722 Duravit
412 2677 507 2718 tamen
539 2657 674 2736 patientia
699 2655 830 2727 Judaeis,

152 2761 240 2824 usque
266 2741 301 2802 ad
325 2741 455 2802 Gessium
477 2740 592 2798 Florum
614 2756 830 2817 procuratorem.

110 2840 113 2846 ’
153 2823 214 2885 Sub
243 2843 278 2883 eo
307 2822 414 2882 bellum
438 2839 532 2880 ortum
553 2843 560 2877 ε
579 2827 607 2879 &
628 2820 832 2957 cltpmprimere,

681 2919 710 2978 vl
