2100 3650
254 353 298 424 54
366 333 401 402 C.
431 333 569 403 Contu.
604 333 794 404 TActur

253 450 367 514 habitus
394 477 402 512 s
439 462 467 514 δι
503 451 567 535 post
597 455 748 516 vistotiam
782 453 936 530 demum,

251 533 341 599 stratis
363 539 422 613 jam
445 535 570 595 militum
594 537 696 608 odiis,
720 536 855 598 dimissus
884 537 936 599 est.

252 615 391 687 Interim,
407 635 438 675 ut
458 618 623 697 piaculum,
647 617 779 696 objicitur
804 623 939 679 centurio

253 697 402 776 Crispinus
426 742 436 768 ,
456 700 519 778 qui
546 719 576 758 se
607 701 745 782 sanguine
777 699 939 780 Capitonis

253 797 444 847 cruentaverat
464 801 475 836 s
494 777 586 860 eoque
601 789 630 842 δι
648 778 855 859 poflttuntrbus
874 803 940 843 mu·

252 857 400 932 nifestiot,
418 868 447 920 δι
467 862 595 940 punienti
614 861 700 921 vilior
720 860 785 920 fuit.

294 941 373 1002 LIX.
410 941 499 1002 Julius
534 942 636 1001 deinde
671 941 776 1002 Civilis
807 945 940 1024 periculo

255 1043 420 1104 exemptus,
451 1043 506 1103 ptae
525 1041 606 1083 omns
632 1025 705 1082 inter
727 1024 877 1096 Batavos,
895 1041 941 1086 ‘ne

255 1107 393 1190 supplicio
414 1108 471 1183 ejus
494 1043 573 1164 llrox
601 1125 671 1188 gens
690 1105 869 1165 alienaretur.
898 1107 940 1168 Ee

256 1205 338 1257 etant
354 1189 384 1246 in
399 1186 512 1246 civitate
529 1186 697 1270 Lingonum
714 1189 782 1246 odio
803 1187 940 1248 Batavo-

255 1290 319 1330 rum
339 1266 488 1340 cohortes,
508 1266 870 1352 quattaedecimaevlegionis
884 1291 941 1330 au-

256 1351 324 1410 xilia
335 1395 345 1421 ,
357 1370 417 1410 tum
437 1348 579 1409 discordi&
601 1367 764 1430 tempotum
785 1371 804 1408 a
819 1351 942 1433 legione

256 1429 385 1514 digressu
398 1477 410 1502 „
423 1449 505 1511 prout
528 1432 722 1503 inclinassent,
745 1431 852 1514 grande
864 1453 940 1492 mo·

257 1532 387 1572 mentum
416 1513 498 1572 sociae
530 1532 579 1581 aut
607 1512 735 1573 adversae.
767 1513 903 1573 Nonium
926 1560 941 1588 ,

256 1594 449 1666 Domuum,
478 1593 670 1676 ¹Romilium,
710 1593 939 1674 Calpurnium,
1033 1596 1034 1645 i

258 1678 459 1746 centuriones,
484 1673 519 1734 de
549 1675 651 1756 quibus
672 1673 753 1755 supri
768 1677 942 1750 retulimus,
1033 1698 1034 1715 ³

258 1757 352 1816 occidi
380 1757 480 1837 jussit,
503 1755 659 1816 damnatos·
682 1755 751 1817 fidei
783 1760 938 1833 crimine,

258 1841 426 1923 gravissimo
458 1840 530 1899 inter
563 1839 754 1899 desciscentes.
785 1841 944 1902 Accessere
1033 1871 1034 1874 ¹

258 1923 383 2004 partibus
401 1921 533 1981 Valerius
553 1920 713 1993 Asiaticus,
732 1921 855 2004 Belgicae
869 1944 941 2005 pro-

259 2005 359 2065 sinciae
382 2004 407 2067 le
430 2021 509 2073 atus,
531 2023 617 2083 quem
637 2023 706 2062 mox
722 2003 858 2063 Vitellius
879 2026 942 2089 ge·

258 2106 359 2147 nerum
378 2023 524 2143 adscivit:
545 2092 573 2143 &
591 2085 690 2144 Iunius
710 2084 834 2156 Blaesus,
854 2086 943 2170 Lug-

260 2165 392 2225 dunensis
417 2164 518 2225 Galliae
540 2168 652 2236 telios,
673 2187 737 2224 tum
766 2166 867 2226 Italica
896 2168 943 2228 le-

259 2249 347 2330 gione
358 2294 370 2318 ,
389 2255 416 2307 δι
435 2246 479 2305 ala
499 2244 644 2317 Taurina,
663 2247 797 2331 Lugduni
811 2248 942 2310 tenden-

261 2322 429 2389 tibussNec
447 2330 477 2387 in
497 2327 611 2387 Raeticis
632 2330 722 2408 copiis
747 2349 847 2399 mota,
861 2352 942 2411 quo-

262 2412 357 2471 minus
385 2406 479 2469 stutim
506 2408 735 2491 adjungerentur.
753 2410 800 2469 Ne
821 2412 853 2469 in
874 2413 944 2471 Bri-

261 2494 360 2559 tannia
382 2490 498 2571 quidem
519 2489 690 2551 dubitatum.

304 2573 370 2634 Lx.
387 2574 504 2635 Ptaeerat
524 2570 683 2632 Trebellius
697 2572 867 2642 Maximus,
890 2594 944 2653 per

263 2657 466 2717 avaritiamne
489 2653 585 2713 sordes
607 2672 784 2734 contemptus
806 2657 945 2715 exercitui

263 2739 432 2817 invisusque.
457 2734 639 2795 Accendebat
659 2736 759 2795 odium
782 2741 844 2813 ejus·
864 2735 945 2795 Ros-

265 2821 326 2885 cius
353 2818 482 2889 celius,
500 2816 607 2905 legatus
634 2818 774 2880 vicesimae
794 2818 945 2905 legionis,
