2100 3650
224 285 268 348 14
344 261 382 330 C.
410 261 554 331 conr.
586 263 778 330 TAcrrr

220 383 300 441 siano
320 381 468 462 liberisque
489 385 547 459 ejus
567 382 735 462 imperium,
752 379 816 464 post
837 380 904 442 foro

221 480 321 522 tunam
339 461 516 522 credidimus.

261 543 314 603 XI.
330 542 511 624 AEgypturn,
531 545 681 626 copiasque
696 544 799 625 quibus
815 565 901 604 coer·

222 643 343 694 teretur,
363 629 423 702 jam
440 623 505 684 inde
523 647 541 684 a
560 623 628 685 divo
648 623 799 708 Augusto,
819 628 900 706 equi·

222 721 262 764 tes
285 705 410 764 Romani
438 705 589 776 obtinent,
621 706 685 765 loco
713 727 821 788 regum.
852 707 900 768 lta

221 786 313 845 visum
334 785 481 866 expedire,
502 789 677 866 provinciam
696 786 775 846 aditu
790 786 901 847 diffici-

222 866 300 937 lem,
333 888 454 926 annonae
483 867 635 928 secundam
656 914 669 938 ,
706 866 902 946 superstitione

222 967 256 1007 ac
283 946 400 1012 lascivii
425 947 582 1008 discordem
607 958 635 1009 &
660 949 817 1020 mobilem,
847 951 899 1008 in-

222 1029 310 1088 sciam
320 1030 431 1112 legnm,
440 1031 570 1112 ignaram
577 1029 807 1113 magistratuum,
818 1029 902 1090 domi

223 1109 349 1170 retinere.
389 1110 521 1193 Regebat
556 1130 617 1170 tum
659 1111 790 1172 Tiberius
823 1112 902 1171 Ale-

224 1190 358 1263 rander,
385 1191 509 1270 ejusdem
547 1193 679 1252 nationis.
710 1191 808 1252 Africa
821 1239 833 1262 ‚
865 1213 905 1252 ac

225 1271 352 1353 legiones
367 1273 397 1331 in
411 1293 464 1344 ea,
483 1272 630 1333 interfcd'co
647 1272 756 1334 Clodio
777 1275 879 1334 Macro
890 1319 903 1346 ,

226 1371 363 1413 contentae
383 1355 582 1435 qualicumque
600 1356 744 1434 principe,
765 1353 826 1434 post
846 1375 903 1414 ex-

225 1435 413 1512 perimentum
434 1435 545 1494 domini
565 1437 694 1495 minoris.
715 1436 788 1496 Duae
807 1435 904 1496 Mau-

209 1517 366 1586 ·retaniae,
392 1516 489 1576 Raetia
509 1561 519 1588 ‚
548 1515 718 1586 Noricum,
748 1513 873 1578 Thracia
891 1563 906 1589 ,

171 1621 173 1624 ·
227 1604 255 1654 δι
285 1617 345 1677 quae
372 1595 433 1656 aliae
462 1597 686 1676 procuratoribus
715 1594 905 1670 cohibentur,

227 1696 258 1736 ut
280 1681 380 1760 cuique
401 1681 533 1738 exercitui
552 1680 670 1749 vicinae,
693 1680 733 1738 ita
760 1680 791 1738 in
820 1677 908 1739 favo-

175 1813 179 1820 .
227 1779 307 1831 rem,
334 1778 382 1820 aut
407 1759 532 1832 odium,
557 1762 688 1820 contadiu
714 1759 907 1820 valentiorum

228 1840 392 1923 agebantru.
409 1842 536 1903 inermes
554 1844 723 1922 provinciae,
741 1861 825 1937 atque
843 1845 908 1923 ipsa

229 1922 374 2001 inprimis
396 1922 479 1984 Italia
494 1971 508 1995 ,
531 1925 698 2006 crocumque
719 1926 832 1983 servitio
854 1944 908 1983 ex-

228 2004 342 2081 posita,
371 2005 401 2062 in
429 2008 548 2084 pretium
578 2005 646 2064 belli
677 2025 789 2065 cessura
817 2024 908 2066 erant.

227 2082 287 2143 Hic
305 2083 360 2143 fuit
378 2104 469 2144 rerum
485 2085 679 2145 Romanarum
696 2083 797 2156 status,
816 2106 910 2167 quum

229 2166 287 2224 Set.
308 2164 403 2225 Galba
422 2167 540 2237 iterum,
562 2166 646 2227 Titus
668 2166 773 2225 Vinius
797 2188 908 2227 consu-

229 2246 291 2317 les,
309 2244 476 2307 inchoavere
493 2268 599 2307 annum
614 2246 669 2307 sibi
683 2247 834 2320 ultinmm,
851 2250 912 2307 rei·

230 2327 296 2410 pub.
318 2329 403 2407 prope
422 2349 593 2408 supremum.

271 2409 339 2469 XII.
356 2410 455 2469 Paucis
470 2408 532 2490 post
550 2408 668 2470 Kalend.
686 2410 831 2470 lanuarias
849 2409 910 2470 die·

231 2488 308 2562 bus,
336 2491 466 2570 Pompeii
491 2492 667 2571 Propinqui,
696 2494 910 2571 procuratoris,

232 2592 248 2629 e
279 2571 393 2655 Belgica
416 2573 513 2632 litterae
539 2570 690 2633 afferuntur
717 2596 728 2630 :
757 2574 913 2647 superioris

234 2653 391 2714 Germanice
406 2656 542 2733 legiones,
560 2654 638 2729 ruptd
655 2656 819 2713 sacramenti
837 2676 913 2716 reve·

234 2736 323 2795 renticl
341 2782 354 2808 ,
379 2737 566 2811 imperatorem
592 2737 678 2798 alium
696 2737 829 2816 flagitare
843 2780 859 2812 ,
882 2733 914 2797 θ
953 2810 970 2824 ο
