2100 3650
160 277 643 353 metumientem.
696 283 764 364 ¹¹³7

86 408 120 466 in
131 407 249 465 medium
259 403 443 465 consultarent
451 442 463 470 ,-
473 400 522 461 vel
533 401 642 459 senatui
649 398 765 474 permit·

87 504 178 548 terent
198 487 284 564 legere
304 485 501 560 imperatorem.
523 481 614 558 Atque
636 481 667 539 ecl
688 482 767 538 duces
840 535 845 548 ,
938 559 941 566 Ι

91 567 273 628 Othonianos
282 565 543 640 spatimnaemorus
551 564 696 626 suasisse:
701 587 769 640 pra*

90 649 169 724 cipue
194 647 376 718 Paullirtum5
396 645 469 722 qutld
484 645 684 725 vetustissimus
704 669 769 706 con·

90 731 249 798 salarium,
271 725 300 789 bl
319 727 425 785 militiai
442 725 532 784 clanis
544 771 556 795 ,
574 727 691 804 gloriam
714 749 768 786 rto·-

92 808 385 887 meaqueBritannicis
393 807 608 881 expeditionibus
617 810 769 869 memissa.

93 893 163 974 Ego
181 909 214 953 ut
233 889 436 958 concesserim,
453 887 527 968 apud
544 909 662 967 paucos,
682 891 771 952 tacito

94 991 191 1044 voto,
210 972 334 1052 quietem
354 986 405 1050 pro
422 969 585 1041 discordia,
608 971 716 1030 bonum
743 981 771 1032 δι

96 1056 281 1113 innocentem
303 1051 479 1132 principem,
503 1071 554 1131 pro
582 1053 710 1131 pessimis
740 1073 774 1114 ac

98 1133 330 1218 flagitiosissimis
345 1134 515 1212 expetitum
532 1133 571 1192 ita
587 1151 677 1213 neque
695 1133 776 1193 Paul·

95 1216 212 1286 linum,
231 1212 289 1296 qui
306 1211 451 1296 prudentii
466 1212 537 1284 suit,
556 1233 697 1294 sperasse,
717 1235 777 1276 cor-

100 1298 266 1378 ruptissimo
290 1295 402 1366 seculo,
418 1313 528 1354 tantum
547 1296 626 1377 vulgi
647 1295 778 1358 modera-

101 1380 230 1446 tionem,
249 1395 332 1448 τοοκ,
357 1395 389 1435 ut
403 1378 453 1457 qui
469 1395 569 1456 pacem
592 1377 659 1436 belli
682 1399 779 1440 amore

102 1461 303 1528 turbaverant,
325 1458 431 1516 bellurn
455 1459 532 1537 pacis
549 1460 661 1518 caritate
685 1459 778 1543 depo-

105 1559 206 1600 nerent
218 1563 225 1596 :
237 1556 329 1620 neque
340 1557 389 1598 aut
398 1540 553 1608 exercitus,
567 1539 671 1622 linguis
685 1541 778 1600 mori-

105 1622 216 1702 busque
236 1619 381 1690 dissonos‚
402 1621 432 1679 in
451 1615 525 1678 hunc
547 1641 713 1682 consensum
733 1643 784 1702 po·

106 1705 194 1764 tuisse
215 1702 396 1771 coalescere,
422 1721 471 1761 aut
490 1702 606 1784 legatos
621 1723 652 1762 nc
675 1704 782 1776 duces,

108 1805 217 1878 magna
235 1801 361 1864 exparte
377 1781 475 1852 lunis,
489 1780 635 1866 egestatis,
651 1784 784 1845 scelerum

72 1872 74 1874 ’
109 1868 165 1926 sibr
180 1884 327 1937 conscios,
344 1866 400 1958 nisi
415 1865 553 1943 pollutum
567 1862 786 1949 obstriclumque

110 1949 221 2007 meritis
236 1947 293 2004 suis
303 1964 466 2085 principem
484 1966 622 2025 passuros.

151 2026 301 2087 XXXVII
347 2028 458 2096 Vetus,
480 2046 513 2085 ac
533 2031 591 2105 jam
618 2026 725 2106 pridem
747 2030 789 2091 in-

112 2112 167 2171 sita
194 2108 363 2167 mortalibus
389 2110 520 2187 potentiae
553 2108 685 2189 cupido,
724 2130 789 2171 cum

113 2192 228 2271 imperii
254 2190 449 2273 magnitudine
470 2189 612 2261 adolevit,
636 2192 724 2271 erupit
745 2187 789 2255 uess

114 2272 195 2334 Nam
216 2271 298 2329 rebus
317 2271 457 2341 modicis,
476 2272 619 2351 equalitas
638 2214 794 2334 facillim-

116 2349 256 2413 bebatur:
270 2346 318 2409 secl
330 2352 397 2422 ubi,
412 2351 530 2427 subsisto
542 2353 624 2423 orbe,
640 2363 666 2413 ὃ(
683 2354 792 2415 zemulis

117 2434 236 2494 urbibus
257 2432 424 2514 regibusque
446 2434 570 2501 excisis,
597 2454 705 2493 secutus
725 2454 793 2513 opes

119 2515 317 2595 concupiscere
344 2528 465 2573 vacuum
494 2512 570 2584 luit,
601 2516 691 2595 prima
722 2517 794 2576 inter

119 2616 213 2681 patres
242 2593 410 2675 plebemque
442 2596 595 2656 certamina
628 2616 748 2657 exarsere
786 2594 794 2655 i

46 2709 48 2748 t
119 2675 213 2739 modb
237 2674 390 2735 turbulenti
406 2675 532 2746 tribuni,
555 2674 643 2735 modi>
669 2678 796 2737 consules

47 2752 49 2814 ῗ
119 2755 287 2843 praevalidi3
308 2765 336 2819 lc
353 2760 383 2819 in
402 2757 470 2818 urbe
488 2778 525 2819 ec.
542 2755 605 2817 loro
624 2776 799 2821 tentamenta

49 2831 51 2864 l

50 2883 51 2904 l
