2100 3650
170 344 478 417 Hirr-omnum
492 343 578 411 er.
595 339 663 408 III.
696 354 766 426 237

85 465 242 549 spernendi.
258 464 432 548 Quinque&
450 464 565 546 triginta
579 456 714 540 stipendia
733 448 773 520 in¹

88 549 185 629 repub.
213 545 335 618 fecerat,
366 547 445 606 domi
475 544 637 623 militiaque
664 540 764 603 clarus.

90 629 286 691 Innocentiam
303 626 491 709 justitiamque
509 630 567 705 ejus
583 645 641 684 non
658 642 764 705 argue-

90 730 134 770 res
154 733 161 766 t
179 710 313 769 sermonis
327 710 431 767 nimius
447 721 529 767 erar:
546 705 576 765 id
596 726 682 764 unum
697 723 766 782 sep·

91 809 148 851 rem
170 792 270 861 annis,
295 790 396 869 quibus
416 790 569 857 Moesiam,
592 786 765 859 duodecim,

91 872 193 955 quibus
224 868 413 950 praefecturam
440 871 514 929 urbis
544 868 692 938 obtinuit,
718 888 768 929 ca·-

91 953 244 1013 iumnietus
262 949 301 1009 est
312 971 415 1011 rumor.
431 951 463 1011 In
478 948 534 1011 fine
548 951 631 1020 virae,
647 950 695 1009 alii
709 970 769 1033 seg·

91 1053 179 1106 nem,
203 1032 286 1092 multi
307 1032 504 1103 moderatum,
525 1038 553 1090 δι
576 1032 679 1089 civium
703 1052 771 1091 san,

93 1117 187 1197 guinis
205 1134 320 1193 parcum
343 1114 490 1174 credidere.
508 1110 597 1188 Quod
618 1113 690 1171 inter
706 1132 769 1172 om·

93 1216 144 1256 nes
164 1192 336 1265 eonstiterit,
360 1214 425 1255 ante
450 1195 637 1275 principatum
653 1195 773 1273 ‘Vespa-

94 1278 191 1346 ziani,
213 1275 296 1337 decus
315 1274 416 1336 domitu
436 1296 520 1353 penes
544 1274 770 1341 Sabinumerar.

95 1356 213 1419 Caedem
232 1362 289 1435 ejus
311 1356 404 1418 ineam
424 1356 508 1416 fuisse
528 1354 667 1415 Muciano
687 1377 780 1415 acces·

97 1440 200 1521 pimus.
219 1438 357 1497 Ferebant
377 1438 502 1519 plerique
522 1438 607 1495 etiam
627 1438 693 1512 paci
711 1460 774 1499 con·

96 1522 219 1590 tultum,
243 1520 375 1593 diremprd
398 1520 569 1578 aemulan'one
592 1518 665 1578 inter
687 1523 774 1597 duos,

96 1622 210 1680 quorum
228 1601 301 1659 olter
313 1620 344 1658 se
355 1600 472 1677 fluerem
493 1600 687 1674 imperatoris,
705 1603 778 1659 alter·

100 1700 253 1749 consortem
275 1681 385 1755 imperii
403 1683 545 1761 cogitaret.
567 1680 622 1740 Sed
643 1681 777 1742 Vitellius

99 1763 225 1823 consulis
239 1763 405 1843 supplicium
424 1762 550 1843 poscenti
568 1760 673 1843 populo
694 1760 777 1821 resti.-

99 1847 158 1913 tit,
181 1845 325 1922 placante,
350 1864 384 1901 ac
407 1846 485 1903 velut
514 1847 606 1903 uicem
636 1843 777 1918 reddens,

101 1921 184 2006 qubd
212 1924 446 2005 interrogantibus
465 1926 528 2001 quis
553 1925 716 1998 Capitolium
737 1927 780 1986 in*

101 2005 262 2074 erudisset,
280 2025 309 2063 re
328 2022 406 2064 reum
424 2006 534 2065 Atticus
552 2005 698 2066 obtulerat.
721 2005 780 2066 Et,

102 2105 161 2168 que
191 2083 401 2168 confessione,
435 2088 494 2145 eive
525 2105 623 2166 aptum
660 2089 781 2169 tempori
872 2093 875 2103 ¹

104 2166 288 2228 mendacium
326 2164 410 2238 fuit,
447 2166 585 2227 invidiam
621 2169 781 2250 crimenque

104 2250 277 2330 agnouisse,
296 2256 324 2316 δι
346 2245 501 2331 apartibus
521 2249 634 2312 Vitellii
650 2252 782 2313 amolitus

104 2329 262 2398 videbatur,
379 2334 382 2339 ’
780 2341 783 2348 ⁴

150 2409 287 2470 LXXVI.
311 2409 415 2469 Iisdem
446 2411 544 2472 diebus
567 2413 601 2472 L.
625 2409 782 2484 Vitellius,

162 2492 207 2549 itis
239 2490 313 2570 apud
346 2491 495 2552 Feroniam
523 2492 645 2563 castris,
674 2493 784 2553 excidio

139 2575 271 2632 anacinae
291 2573 462 2632 imminebat
467 2595 477 2643 3
489 2575 590 2634 clausis
609 2573 666 2633 illic
678 2574 786 2658 gladia·

90 2653 219 2717 notibus
248 2653 482 2734 remigibusque,
517 2655 567 2736 qui
599 2675 663 2714 non
691 2656 786 2738 egredi

109 2735 239 2804 moenia,
259 2753 351 2814 neque
375 2737 527 2814 periculum
556 2737 586 2794 in
612 2755 706 2816 aperto
737 2757 787 2796 au-

109 2816 228 2885 debant,
249 2815 384 2888 preerat,
403 2835 435 2877 ur
453 2816 533 2901 rupti
548 2819 792 2892 memoravimus,
