2100 3650
203 325 511 394 Hrsrottmmrst
525 324 610 391 m.
626 320 694 393 IV.
723 345 786 411 323

107 446 270 508 solantibus
288 442 498 505 hortantibusve
515 463 648 523 responsa
663 441 805 515 dabant,

110 527 204 587 abditi
223 547 271 607 pet
288 526 428 597 tentoria,
443 534 470 585 &
484 526 576 583 lucem
590 527 680 603 ipsam
691 526 791 584 vitan·-

111 625 154 667 tes
182 632 189 665 :
215 628 266 667 nec
289 606 403 687 perinde
427 606 582 685 periculum
606 624 655 665 aut
676 625 792 677 metus,

113 687 201 769 quim
229 688 319 769 pudor
341 708 374 748 ac
401 686 520 745 dedecus
547 684 792 765 obstupefecerats

111 770 241 829 attonitis
258 772 344 828 etiam
359 766 532 838 victoribus,
547 769 597 847 qui
611 788 712 826 vocem
727 786 793 847 pte-

112 870 214 931 cesque
236 847 369 909 adhibete
384 870 443 909 non
461 850 538 918 ausI,
560 848 691 929 lacrymis
703 868 737 908 ac
753 850 793 908 si·

57 990 60 993 .
113 932 204 991 Ientio
221 933 335 991 veniam
356 930 511 1011 poscebdnt
530 952 537 985 s
559 928 650 989 donec
670 929 792 989 Cerialis

115 1014 251 1071 mulceret
270 1014 398 1081 animos,
408 1012 473 1088 foto
488 1017 548 1069 aria
565 1010 716 1081 diffitens,
736 1031 794 1086 qao

115 1094 238 1152 militum
250 1096 393 1171 ducumque
402 1092 541 1151 discordia
548 1135 560 1161 ‚
569 1092 719 1168 velfraudt
731 1092 795 1149 Itos·
811 1149 820 1174 ·.

62 1230 65 1233 .
116 1177 186 1232 riam
199 1176 363 1234 evertissent.
379 1172 795 1252 Primumillumstipeadt'onem

117 1252 146 1315 a
165 1256 329 1315 sacramenti
344 1256 415 1313 diem
429 1253 577 1313 haberem:
590 1254 713 1326 priorum
718 1253 794 1330 faei-

116 1358 213 1395 norum
228 1358 309 1413 ratque
326 1339 535 1408 imperatorem,
554 1355 637 1410 atque
652 1356 683 1392 st
701 1334 795 1392 memi·

115 1418 203 1476 nisse.
224 1416 308 1477 Tunc
330 1416 433 1495 recepti
459 1416 488 1473 in
510 1413 611 1473 eadem
635 1412 741 1485 castra,
763 1422 795 1475 dt

114 1497 239 1557 edidium
261 1518 308 1578 pet
324 1496 503 1575 manipulos,
519 1515 556 1554 ne
574 1496 638 1575 quis
656 1497 686 1554 in
706 1514 794 1557 certa·

27 1640 31 1646 ,
117 1580 196 1637 mine
208 1580 334 1661 jurgiosis
345 1574 514 1637 seditionem
527 1595 577 1636 aut
587 1575 698 1637 sladem
710 1596 795 1636 com·

114 1660 416 1739 mssitoniobjeetatet.
624 1682 627 1687 ·

159 1740 295 1801 LXXIII.
310 1741 385 1801 Mox
397 1736 535 1799 Treveros
551 1760 585 1799 ac
601 1736 747 1821 Lingonas
755 1738 796 1798 ad

116 1825 286 1882 concionem
305 1841 423 1883 vocatos
447 1823 487 1882 ita
508 1820 678 1902 adloquium
699 1820 796 1897 Neque

114 1927 166 1982 ego
187 1927 310 1982 umquam
321 1904 485 1981 fhcuadiam
505 1902 613 1961 exercui
621 1924 636 1973 ,·
655 1899 683 1961 ii
700 1902 796 1975 populi

114 1985 238 2044 Romani
248 1986 376 2045 virtatem
389 1985 477 2042 armis
490 1984 647 2062 adfirmavi.
663 1981 721 2041 Sed
730 1984 798 2058 quia

116 2069 193 2141 apud
210 2087 262 2128 vos
278 2065 361 2126 verba
377 2064 527 2140 plurimism
543 2065 655 2133 valcat,
676 2063 797 2140 bonaque

116 2171 153 2206 ac
168 2149 242 2206 mala
259 2169 312 2223 reon
324 2147 377 2204 sai
394 2149 514 2215 naturai,
532 2148 582 2204 sed
592 2144 703 2204 vocibus
719 2145 797 2203 sedi·

117 2231 251 2288 tiosorum
261 2228 424 2310 estimantur
430 2248 444 2298 ,·
451 2227 537 2307 slortei
549 2247 638 2300 parata
646 2227 795 2296 disserere,

117 2331 193 2386 quae,
209 2310 355 2388 profligato
374 2307 462 2378 bello,
484 2308 581 2366 atilius
597 2309 638 2366 sit
654 2307 733 2367 vobis
745 2327 799 2364 au·

118 2387 301 2465 &semaam
315 2387 394 2447 nobis
405 2389 521 2448 dixisse.
543 2389 655 2448 Terram
664 2389 796 2466 vestram,
826 2436 829 2442 .

119 2490 313 2547 ceterorumque
328 2469 492 2538 Gallorum,
510 2470 627 2547 ingressi
637 2485 702 2525 sarta
714 2469 798 2526 duces

118 2554 344 2628 imperatoresque
379 2549 518 2619 Romani,
546 2551 623 2610 nulli
651 2547 797 2622 cupidine,

49 2688 52 2693 .
116 2637 169 2694 sed
177 2634 323 2714 majoribus
333 2633 427 2712 vestris
440 2630 651 2698 invocantibus,
662 2651 728 2706 quos
741 2631 800 2688 dis·

117 2716 216 2774 tordia
233 2735 313 2790 usque
329 2718 366 2772 od
385 2711 686 2790 exitiumfhtigabaat:
705 2707 731 2769 ds
745 2733 797 2770 ae·

115 2797 168 2858 citi
189 2796 298 2854 auxilio
319 2792 471 2862 Germani,
495 2794 580 2854 sociis
595 2792 703 2866 pariter
721 2810 800 2869 atque

631 2872 662 2930 Ο
682 2878 709 2952 vj
