2100 3650
233 339 300 386 222
360 318 397 387 Cr
426 319 576 387 cortu.
610 314 814 387 Tacrrr'

229 433 411 509 discrimine,
431 437 522 498 donec
543 435 702 510 Vitellius,
728 438 834 518 pudore
854 441 911 499 in·

228 520 277 579 titi
296 517 432 590 conatis,
453 538 515 600 qux
534 540 592 579 non
612 518 769 590 dabantur,
788 515 907 581 remisit.

269 598 351 659 LIX.
371 600 416 661 Ut
432 618 565 661 terrorem
586 601 675 669 Italia
696 622 819 681 possesm
843 602 911 663 Me·

229 683 335 751 vania,
358 702 392 741 ac
412 683 491 743 velut
506 700 634 743 renatum
658 703 691 743 ex
710 684 822 766 integro
846 682 910 743 bei-

230 764 313 833 ium,
340 762 492 833 intulerat;
519 766 560 823 ita
588 762 665 825 haud
696 763 815 823 dubium
844 784 873 825 er
894 783 915 825 a

109 849 137 867 ““
230 842 380 903 Flavianas
400 863 489 923 partes
506 842 629 907 studium
650 864 709 905 ram
727 844 843 924 pavidus
890 849 916 905 ii·
955 882 963 887 -

230 924 303 983 teliii
331 922 464 985 discessus
485 925 596 987 addidit
620 950 626 985 :
650 928 755 986 cretius
779 926 913 997 Samnis,

230 1004 438 1089 Pelignusque,
452 1016 480 1067 δι
490 1008 603 1077 Marsi,
618 1007 819 1081 emulatione,
833 1006 914 1089 qudd

232 1086 395 1169 Campania
414 1091 612 1169 praevenisset,
632 1109 662 1149 ut
683 1091 808 1149 innovo
827 1088 914 1149 obse·

252 1171 301 1229 uio
321 1168 359 1229 ad
381 1174 483 1231 cundia
512 1170 581 1231 belli
605 1172 703 1230 munia
729 1190 804 1231 acres
823 1190 913 1232 erant.

231 1190 289 1316 ded
311 1248 388 1311 foeda
403 1249 514 1322 hieme,
538 1253 753 1331 perttransitum
770 1252 916 1331 Apennini

232 1334 410 1395 minuatur
432 1334 567 1395 exercitus
593 1357 599 1390 :
621 1342 648 1395 dc
666 1335 715 1394 vix
737 1335 834 1416 quieto
856 1356 914 1418 ag-

232 1416 311 1474 mine
332 1416 412 1475 nives
434 1415 642 1486 eludiantibus,
666 1417 756 1494 patuit
776 1434 916 1495 quantuni

233 1495 402 1557 discriminis
421 1496 583 1557 adeundum
602 1495 693 1568 foret,
714 1498 745 1555 ni
762 1496 916 1557 Vitellium

233 1597 307 1638 tetro
325 1575 438 1637 fortuna
457 1580 583 1639 vertisset
589 1599 599 1649 3
620 1598 682 1659 quae
705 1577 848 1638 Flavianis
867 1578 919 1639 du·

233 1659 315 1719 cibus
329 1680 389 1719 non
401 1657 495 1719 minsis
516 1680 604 1741 saepe,
619 1657 705 1740 quim
724 1661 796 1719 ratio
813 1658 918 1722 adfluit:

234 1739 365 1801 Obvium
379 1741 437 1800 illic
450 1742 583 1820 Petilium
604 1738 747 1803 Cerialem
769 1738 915 1813 habuere,

287 1821 335 1884 esti
353 1822 447 1896 cuitu,
464 1834 492 1886 &
505 1821 614 1885 notitiis
627 1822 756 1884 locorum
776 1820 919 1884 custodias

233 1845 348 1966 vitellii
367 1907 503 1985 elapsum.
522 1907 685 1987 Propinqua
706 1906 825 1966 affinitas
849 1905 916 1967 Ce-

235 1988 298 2047 riali
322 2008 386 2046 cum
406 1989 608 2068 Vespasiano,
630 2009 682 2047 uec
702 1989 760 2066 ipse
779 1987 918 2069 inglorius

236 2069 364 2139 militiae3
384 2066 476 2149 ebque
494 2071 565 2129 inter
584 2069 667 2129 duces
689 2086 845 2146 assumptus
865 2067 914 2126 est.

235 2151 339 2211 Flavio
356 2171 457 2228 quoquc
474 2149 598 2220 Sabino,
623 2171 655 2207 ac
678 2148 844 2206 Domitiano
860 2170 916 2221 pa·

236 2234 323 2292 ruisse
345 2230 492 2311 effigium,
511 2233 594 2290 multi
612 2223 757 2288 tradidere.
778 2227 818 2286 Er
837 2229 918 2288 missi
945 2225 952 2232 ’

238 2313 277 2373 ab
287 2313 416 2373 Antonio
429 2315 541 2382 nuncii,
554 2332 601 2392 per
616 2311 706 2370 varias
718 2307 835 2369 fallendi
846 2329 919 2369 artes

236 2394 449 2476 penetrabant,
473 2395 612 2454 locumac
634 2391 793 2467 presidium
815 2411 918 2450 mons·-

240 2495 353 2537 trantes.
372 2475 493 2535 Sabinus
515 2475 665 2535 inhabilem
682 2473 770 2533 labori
788 2469 815 2532 dt
836 2475 920 2532 auda-

240 2560 290 2618 er'ae
311 2557 496 2626 ualetudinem
519 2557 686 2618 causabatur
711 2578 718 2614 r
749 2554 922 2616 Domitiano

240 2638 338 2700 aderat
361 2640 471 2698 animus
496 2661 503 2695 r
531 2638 579 2698 sed
606 2636 731 2698 custodes
753 2659 770 2696 a
800 2635 923 2694 Vitellio

242 2717 352 2790 additi,
372 2739 547 2800 quamquam
562 2743 593 2780 re
610 2722 698 2780 socios
711 2720 789 2797 fuge
806 2718 924 2795 promit·

243 2819 353 2875 terent,
385 2820 532 2885 tamquam
556 2801 719 2864 insidiantes
742 2797 921 2860 timebantur.
