2100 3650
221 311 534 380 Htsnonrnnou
557 310 642 379 Lis.
668 311 698 377 I.
757 333 802 395 19

126 431 214 500 Caio,
230 427 257 490 ἃ
279 431 412 499 Claudio,
431 431 512 488 unius
523 430 645 506 familiae
664 430 744 506 quasi
759 430 804 491 lee-

123 512 228 570 reditas
242 511 352 588 fuimus
376 535 385 569 .·
405 511 462 569 loco
484 511 619 569 libertatis
641 512 711 580 erit,
732 512 805 587 qubd

113 593 189 670 'eligi
204 593 342 666 caepimus.
366 591 406 649 Et
418 591 505 670 finiti
522 592 657 651 luliorum
676 594 802 652 Claudio·

121 694 230 749 rumque
258 675 358 741 domo,
387 674 516 746 optimum
541 695 664 751 quemque
690 676 803 748 adoptio
829 712 832 717 <

119 755 256 813 inueniet.
273 755 351 813 Nam
365 751 527 833 generari&
542 755 623 813 nasci
637 779 656 813 a
666 757 802 830 principi-

120 833 169 894 bus
180 835 330 913 finctuitunz
339 843 350 906 ,‘
370 858 418 894 nec
437 833 509 894 ultrb
527 838 673 918 aslirnatur
693 840 801 912 :adop-

121 918 203 974 tandi
206 916 344 997 judicium
354 917 486 996 integrum
498 941 508 974 .·
521 915 548 976 f?
559 919 588 977 si
599 919 672 979 uelis
683 921 800 996 eligere,

120 1019 255 1056 consensu
275 999 444 1078 monstratur.
467 997 515 1056 Sit
526 1018 590 1058 ante
600 1001 691 1058 oculos
705 997 800 1070 Nero,

122 1100 198 1155 quem
214 1080 298 1158 longd
316 1082 449 1138 Caesarum
473 1081 543 1138 serie
564 1097 724 1150 tumentem,
745 1103 800 1140 non

127 1159 239 1220 Vindex
255 1181 314 1218 curn
328 1162 430 1218 inermi
440 1161 602 1234 prouincia,
618 1178 666 1218 aut
677 1182 724 1238 ego
741 1181 802 1219 curn

121 1261 176 1299 una
191 1243 317 1320 legione,
334 1243 385 1300 sed
392 1261 443 1300 sua
455 1242 617 1298 immanitas
628 1288 639 1311 ,
652 1263 703 1298 sua
718 1242 800 1298 luxu-

120 1323 163 1380 ria
183 1321 333 1384 cervicibus
345 1321 463 1396 publicis
482 1322 603 1399 depulere
618 1346 628 1379 :
644 1342 725 1399 neque
742 1341 802 1380 erat

120 1403 208 1462 adbuc
240 1405 366 1461 damnati
388 1403 525 1476 principis
548 1405 706 1476 exemplum.
735 1403 800 1463 Nos

91 1513 96 1522 ·
120 1483 208 1554 bello,
235 1481 263 1543 f?
284 1483 317 1541 ab
335 1483 523 1563 ustimantibus
542 1486 660 1554 adsciri,
677 1507 735 1542 curn
753 1486 800 1541 in-

119 1567 218 1634 vidia,
239 1565 365 1641 quamuis
382 1566 496 1643 egregii,
515 1567 624 1623 erimus.
645 1565 692 1624 Ne
709 1581 800 1624 eanzen

119 1648 233 1704 territus
239 1646 351 1723 fueris,
362 1647 389 1703 si
403 1648 460 1704 dcta
472 1647 610 1723 legiones,
626 1648 656 1704 in
667 1646 716 1704 ltoc
729 1668 800 1704 con-

120 1729 195 1786 cussi
207 1726 281 1785 orbis
295 1744 385 1796 motu,
401 1730 518 1786 nondum
527 1727 673 1803 quiescunt.
685 1727 731 1787 Ne
741 1729 803 1801 ipse
840 1769 843 1772 -

120 1811 227 1886 quidem
252 1810 415 1868 adsecutos
439 1830 481 1867 res
500 1810 605 1867 accessi
624 1833 634 1868 :
657 1805 684 1869 ἃ
704 1809 802 1868 auditd

121 1891 286 1964 adoptione,
298 1892 421 1949 desinam
431 1890 524 1951 videri
536 1911 638 1960 senex,
650 1893 721 1966 quod
730 1911 801 1949 nune

120 1972 191 2030 neilzi
210 1993 293 2029 unum
312 1970 448 2052 objicitur.
473 1972 550 2031 Nero
569 1993 586 2028 a
598 1972 720 2044 pessimo
737 1992 802 2047 quo-

120 2074 168 2129 que
185 2074 292 2125 semper
306 2052 525 2119 desiderabitur:
543 2050 614 2109 mihi
627 2074 659 2111 ac
675 2052 727 2111 tibi
734 2074 800 2125 pro-

119 2134 268 2194 videndum
282 2135 338 2214 est,
354 2155 387 2192 ne
400 2136 487 2193 etiam.
497 2156 514 2191 a
529 2133 607 2192 bonis
622 2136 798 2193 desideretur.

120 2214 238 2273 Monere
254 2215 376 2285 diutius,
397 2236 478 2291 neque
500 2209 627 2288 tentporis
649 2214 749 2296 liujus;
770 2212 799 2275 δ’

120 2297 261 2370 impletum
269 2296 304 2376 est
314 2318 389 2354 omne
399 2296 558 2365 concilim,
569 2298 597 2353 si
607 2314 632 2353 te
645 2296 708 2355 bene
717 2296 798 2375 elegi.

129 2376 307 2435 Utilissimus
324 2378 447 2453 quidem,
466 2398 497 2435 oc
514 2375 694 2436 brevissimus
712 2376 797 2435 b'ona-

122 2478 180 2517 rum
202 2458 386 2533 malarumque
405 2478 491 2515 rerum
515 2458 629 2517 deleblus
650 2459 706 2540 est,
724 2460 798 2537 eogi-

121 2556 201 2607 tare,
222 2538 289 2615 quid
308 2555 356 2595 aut
375 2539 496 2599 volueris
516 2538 566 2597 sub
585 2538 642 2598 alio
658 2540 800 2613 principe,

121 2638 169 2679 aut
182 2621 313 2678 nolueris.
334 2619 428 2696 Neque
443 2620 514 2679 enirn
527 2618 571 2679 liic
579 2665 590 2690 ,
607 2636 637 2677 ut
657 2621 687 2677 in
704 2622 802 2679 ceteris

120 2700 267 2778 gentibus,
288 2722 342 2776 qua
362 2720 521 2777 regnantur,
544 2718 616 2758 certa
632 2702 802 2759 dominorum

119 2784 214 2842 donnus
231 2778 284 2853 ,δ’
303 2781 384 2842 ceteri
402 2782 478 2842 serui
493 2805 503 2840 .·
519 2784 569 2842 sed
578 2784 756 2857 imperaturus
769 2802 799 2840 es
