2100 3650
190 294 502 363 Histourauurt
517 293 603 362 ω.
619 293 688 362 111.
729 318 795 385 179

115 411 228 492 nicipio
241 412 339 485 vires)
358 414 459 494 magni
479 415 621 474 momenti
635 413 732 476 locum
742 417 799 478 ob-

114 493 229 564 tinuit,
254 491 445 573 reputantibus
461 495 533 554 ⁴illic
560 496 691 556 Carinum
710 500 796 576 gerri-

113 593 196 644 tum,
219 569 246 634 ἃ
266 577 389 648 patriam
407 574 521 656 hostium
541 577 604 636 duci
618 595 745 654 ereptam.
760 577 796 642 In

113 652 332 716 Veronensibus
352 657 472 736 pretium
490 653 568 728 fuit3
588 660 717 740 exemplo
729 663 797 741 opi-

113 735 227 817 busque
245 755 337 816 partes
356 740 460 816 juvere.
479 737 518 798 Et
538 739 697 818 interjectus
720 761 795 804 exer-

113 817 189 876 citus
203 837 251 898 per
261 817 404 889 Raetiam‚
421 817 566 902 Iuliasque
578 821 686 900 Alpes3
710 844 743 884 ac
757 845 795 886 ne

112 899 245 978 pervium
272 897 322 958 iiii
348 899 527 962 Germanicis
556 903 720 964 exercitibus
746 903 795 966 fo·

111 998 175 1050 ret,
195 979 356 1060 obsepserat
374 1004 381 1038 :
399 1002 460 1063 quae
476 984 574 1066 ignara
592 985 795 1064 Vespasiano,

112 1080 166 1120 aut
184 1062 273 1121 vetita
294 1084 303 1119 ε
348 1063 432 1144 uippe
450 1063 585 1142 Aquileia
596 1067 658 1147 sisti
671 1065 793 1140 belum,

111 1144 317 1222 exspeilatique
372 1147 500 1204 retianum
517 1145 655 1224 jubebat,
676 1146 795 1226 adjicit-

110 1220 222 1304 batque
231 1225 351 1304 imperio
362 1225 510 1286 consilium
528 1271 538 1297 ,
559 1231 665 1306 quando
681 1232 794 1310 AEgyp-

110 1321 161 1364 tus
176 1351 189 1374 ,
208 1305 323 1387 claustra
351 1329 466 1402 annpnae
479 1353 492 1378 ,
513 1309 661 1388 veiiigalia
677 1311 793 1386 opulen-

110 1386 495 1462 tissimarumprovitrcrarum
502 1389 701 1462 obtinerentur,
710 1414 794 1467 posse

117 1465 239 1528 thllii
255 1470 401 1528 exercitum
413 1471 523 1551 egestate
533 1471 664 1553 stipendii
669 1474 795 1552 frumeu-

110 1547 189 1628 tique
208 1551 247 1608 ud
258 1550 422 1610 deditionem
432 1550 534 1630 subigi.
551 1551 662 1614 Eadem
676 1554 793 1622 Mucia-

109 1650 169 1689 nus
188 1629 289 1690 crebris
307 1627 429 1710 epistolis
444 1632 600 1704 monebat,
625 1635 794 1696 incruentam

112 1707 296 1772 &sincium
306 1713 467 1786 vitiorium,
483 1723 511 1774 &
523 1714 580 1775 alia
596 1711 793 1794 hujuscemodi

109 1794 292 1874 praeterendo
313 1817 323 1866 3
351 1793 400 1856 sed
433 1795 530 1935 pioriae
562 1796 682 1869 avidus,
706 1817 794 1897 atque

110 1895 203 1934 omne
229 1875 296 1937 beili
318 1876 445 1937 decussi
466 1878 477 1934 i
499 1878 627 1939 retinens.
656 1876 793 1941 Ceterum

110 1976 147 2015 ex
173 1954 339 2019 distantibus
364 1976 498 2017 terrarum
525 1959 642 2039 spatiis,
674 1962 794 2025 consilia

108 2034 179 2118 post
198 2059 242 2099 res
262 2036 456 2099 afferebantur.

154 2118 211 2179 lx.
236 2120 327 2204 Igitur
348 2121 494 2201 repentino
516 2121 627 2183 incursu
648 2121 791 2189 Antonius

109 2198 250 2261 stationes
276 2200 398 2262 hostium
422 2200 589 2282 inrumpit„
621 2208 792 2287 tentatisque

109 2284 171 2344 levi
193 2283 294 2364 proelio
322 2284 446 2352 animis,
471 2304 505 2341 er
524 2302 606 2365 aequo
626 2285 793 2350 discessum.

109 2364 189 2426 Mox
207 2364 324 2427 caecina
343 2366 414 2425 inter
430 2360 608 2435 Hostiliam,
625 2368 721 2427 vicum
732 2369 792 2429 Ve-

108 2449 301 2517 ronensium,
327 2454 354 2506 &
375 2444 489 2526 paludes
507 2444 620 2505 Tartari
641 2448 791 2519 fluminis,

110 2527 203 2589 eastra
223 2528 393 2608 permuniit:
405 2545 480 2587 tutus
498 2524 585 2597 loco,
603 2546 691 2607 quum
711 2548 790 2615 terga

99 2613 258 2681 uum,
283 2608 369 2669 latera
396 2608 510 2684 objectu
528 2606 636 2687 paludis
656 2628 789 2694 tegeren-

109 2712 176 2752 tur:
196 2689 276 2772 qutid
292 2690 316 2748 si
330 2687 467 2749 adfuisset
484 2684 571 2760 fides,
594 2708 642 2749 aut
666 2696 791 2774 opprimi

102 2770 790 2858 ‹universisVitellianotumvitibusduaelegioues,

588 2852 667 2935 ij
