2100 3650
256 314 327 379 214
378 291 416 361 C.
445 292 589 361 Coun.
621 293 808 362 Tacrrr
832 290 845 301 ''

254 429 406 481 terentem,
420 414 510 492 specie
521 411 652 493 obsequii
667 414 801 496 regebat,
815 412 850 475 ad
864 436 931 474 om-

254 494 376 573 niaque,
399 514 461 573 quae
484 493 595 576 agenda
616 492 841 575 forenr‚-quieta
865 510 929 555 cunr¹

254 572 386 632 industria
401 574 504 636 aderat.
518 574 566 635 Ad
580 572 631 635 ha's
648 578 761 654 copias,
781 596 795 633 e
810 577 929 637 classicis

253 654 483 728 Rauennatibus,
503 656 689 739 legionariam
713 658 844 716 militiam
865 674 930 737 pos-'

253 734 380 795 centibus
391 778 402 807 ,
424 738 549 817 optimus
590 740 686 818 uisque
707 735 805 796 adsciti
826 761 833 795 ε
852 739 929 798 clas-¹

214 826 217 833 '
253 837 313 876 sem
341 818 483 878 Dalmatae
511 760 679 899 supplevere.
704 818 848 878 Exercitus
875 818 930 879 du-

253 918 354 979 cesque
377 899 415 958 ad
432 899 542 959 Fanum
562 898 679 959 fortunae
694 902 745 958 iter
762 900 878 971 sistunt,
892 900 929 960 de

254 1000 365 1039 summa
381 976 472 1039 rerum
488 984 670 1053 cunctantes,
689 978 768 1063 qubd
787 1000 874 1041 motas
895 1004 930 1042 tx

253 1061 316 1120 urbe
334 1064 478 1136 praetorias
496 1062 618 1123 cohortes
642 1062 806 1133 audierant,
828 1072 856 1122 ὃ(
881 1082 928 1122 te-

254 1144 315 1201 neri
328 1143 458 1223 praesidiis
468 1144 649 1223 Appeninum
662 1144 793 1203 rebantur
808 1167 815 1200 :
837 1153 865 1203 &
885 1146 931 1226 ip-'

253 1244 317 1293 sos,
342 1227 372 1285 in
398 1227 514 1307 regione
537 1223 612 1283 bello
635 1226 749 1294 attrita,
774 1227 871 1304 inopia
902 1234 931 1285 &

253 1304 389 1366 seditiosae
421 1308 545 1365 militum
571 1326 654 1367 voces
681 1305 839 1375 terrebant,
872 1309 931 1367 Cl-

253 1389 362 1447 van'um
386 1392 399 1458 (
422 1387 551 1449 donativi
572 1407 678 1447 nomen
702 1386 772 1461 est)
795 1388 930 1470 flagitani

252 1469 327 1526 tium
357 1488 365 1525 t
396 1488 450 1527 nec
480 1470 652 1549 pecuniam,
677 1487 725 1529 aut
756 1466 929 1528 frumentum

253 1547 433 1629 providerant
458 1573 465 1607 t
490 1548 679 1609 &festinatio
703 1568 787 1629 atque
811 1548 930 1611 aviditas

253 1629 474 1710 praepediebant,
489 1630 579 1700 dum,
595 1652 656 1711 quae
676 1631 765 1711 accipi
781 1626 928 1711 poterant,

252 1713 402 1792 rapiuntur.
921 1726 923 1731 ’

294 1792 334 1853 LI
352 1792 560 1855 Celeberrimos
576 1796 702 1854 auclores
724 1790 837 1866 habeo,
860 1810 927 1853 tan·

254 1894 314 1936 tam
330 1876 485 1951 §loribus
498 1875 627 1936 adversus
642 1874 685 1934 fas
706 1874 839 1957 nefasque
857 1877 929 1934 inre·-

252 1959 408 2016 verentiam
429 1957 530 2028 fiisse,
550 1975 580 2016 ut
596 1959 736 2038 gregarius
758 1978 863 2038 eques,
882 1978 931 2015 oc·

253 2040 343 2117 cisum
361 2059 417 2098 ase
431 2036 559 2118 proximi
570 2039 628 2095 acie
643 2035 756 2096 fratrem
772 2036 928 2116 professus,

273 2120 400 2178 raemium
416 2140 432 2177 a
450 2117 567 2176 ducibus
585 2119 701 2196 petierit.
722 2118 784 2176 Nec
808 2117 862 2176 illis
880 2135 929 2176 aut

294 2219 393 2258 notate
413 2219 476 2258 eam
498 2197 602 2258 caedem
623 2203 666 2274 jus
688 2195 859 2268 hominum,
881 2216 930 2258 aut

251 2281 350 2340 ulcisci
363 2283 435 2340 ratio
451 2279 519 2360 belli
535 2278 722 2360 permittebat.
740 2277 928 2353 Distulerant‚

253 2381 402 2443 tamquam
435 2365 544 2439 majora
575 2361 730 2432 meritum,
757 2359 843 2442 quam
869 2381 930 2442 qua:

253 2442 348 2504 Qum
365 2444 569 2503 exsolverentur
588 2464 595 2500 ε
614 2441 835 2524 necquidquam
859 2439 930 2502 ultr‘a

254 2526 381 2585 traditur.
415 2523 549 2586 Cetertim
569 2532 610 2584 ·&
648 2525 785 2603 prioribus
824 2525 929 2584 civium

254 2605 336 2666 bellis
361 2627 411 2687 par
430 2606 524 2666 scelus'
537 2603 671 2664 inciderat
691 2629 698 2662 :
718 2627 786 2665 nam
804 2606 928 2684 proelio,

254 2707 314 2771 qno
336 2686 410 2766 apud
435 2687 594 2747 Janiculum
626 2683 772 2746 adversum
801 2685 928 2745 Cinnam

254 2786 412 2852 pugnatum
431 2766 490 2844 est,
509 2767 696 2850 Pompeianus
717 2767 797 2828 miles
814 2765 929 2844 fratrem
