2100 3650
258 294 299 339 12
386 269 423 339 C.
452 270 602 341 cortu.
635 273 834 340 TAcrr'r

259 411 293 448 ac
316 409 377 450 suas
404 391 517 469 iujurias
541 391 736 451 metiebantur.
767 393 938 454 Germanici

255 473 410 540 exercitus,
430 471 507 551 quod
529 473 792 551 periculosissimum
814 475 844 532 in
861 493 934 535 tan-

254 553 290 610 tis
315 551 567 623 viribus‚·solliciti
589 562 616 612 &c
636 555 716 624 irati,
737 553 866 634 superbiai
887 577 934 616 re-

254 634 342 691 centis
360 634 503 702 victoriae,
523 643 551 693 δι
569 653 667 705 metu,
691 653 839 716 tamquam
861 636 936 697 alias

254 731 346 794 partes
366 711 509 774 fovissent.
538 713 634 775 Tarde
655 738 673 774 a
694 715 936 783 Neronedesci·

254 813 351 854 verant
372 815 444 852 :nec
461 793 555 854 statim
576 816 626 875 pro
640 795 736 856 Galba
751 797 811 862 Ver
832 799 934 858 iniust

253 895 292 936 an
310 877 445 954 imperare
463 876 618 947 voluisset,
641 875 779 948 dubium,
803 817 935 939 dgelatuni

255 957 283 1013 ei
306 978 322 1016 a
343 957 433 1016 milite
456 959 604 1036 imperium
629 954 823 1021 conveniebat.
846 959 931 1021 Fon-

254 1038 345 1096 teium
356 1037 528 1116 Capitonem
539 1040 680 1109 occisum,
689 1040 775 1098 etiam
788 1041 839 1118 qui
871 1044 935 1100 ueri

253 1139 315 1180 non
333 1137 479 1199 poterant,
499 1139 595 1180 tamen
609 1118 841 1201 indignabantur.
849 1063 933 1182 buz

253 1197 371 1270 deerat,
390 1199 513 1262 abduoo
539 1201 679 1282 Verginio
705 1221 752 1281 per
770 1201 935 1261 simulatio-

253 1301 322 1340 nem
339 1283 469 1342 amicitiae
489 1305 495 1338 ε
517 1303 602 1362 quem
619 1303 678 1340 non
697 1284 824 1354 remitti,
843 1305 936 1363 atque

253 1363 341 1420 etiam
362 1383 440 1422 teum
462 1383 540 1432 esse,
558 1383 705 1444 tamquam
723 1385 804 1423 sturm
822 1366 937 1426 crimen.

251 1444 439 1521 accipiebant.
503 1453 505 1464 ⁴

296 1523 347 1583 IX.
381 1525 512 1604 Superior
536 1528 670 1586 exercitus
697 1527 821 1610 legatum
848 1525 936 1588 Hor·

246 1601 388 1664 'cisonium
416 1607 547 1668 Flaccum
570 1608 735 1687 spernebat,
759 1608 871 1675 senecta
894 1632 937 1670 ac

252 1685 398 1746 debilitate
431 1687 535 1768 pedum
563 1689 747 1760 invalidum,
772 1691 832 1748 sine
861 1712 937 1752 con·

250 1765 371 1841 stantia,
398 1770 455 1829 sine
480 1771 643 1851 auctoritate
662 1793 674 1827 ·.
690 1791 726 1829 ne
746 1773 845 1851 quieto
867 1775 934 1853 qui-

249 1848 318 1909 clem
339 1852 447 1924 milite,
470 1854 614 1934 regimen3
630 1848 862 1923 adebfureutes,
882 1856 935 1915 in-

249 1929 383 1993 firmitate
415 1934 562 1992 retinentis·
591 1933 668 1991 ultro
694 1932 931 1998 accendebantur.

249 2012 395 2074 Inferioris
415 2014 574 2074 Germanic
596 2014 722 2096 legiones
744 2013 847 2076 diutius
868 2017 936 2076 sine

251 2096 393 2153 consulari
420 2094 495 2153 fuere
507 2118 520 2165 3¹
545 2094 655 2165 donec,
687 2096 778 2153 missu
803 2095 905 2155 Galbae
918 2143 934 2167 ,

251 2174 289 2235 Α.
302 2175 435 2234 Vitellius
445 2176 557 2243 aderat,
570 2176 690 2236 censoris
700 2175 831 2244 Vitellii,
843 2198 877 2235 ac
888 2196 933 2235 tet

248 2256 375 2317 consulis
393 2254 464 2315 filius
486 2278 493 2313 ε
512 2255 545 2314 ic
556 2258 623 2317 satis
639 2255 793 2315 videbatur.
811 2256 846 2315 In
861 2257 934 2316 Bri·-

251 2339 368 2399 tannico
394 2339 514 2397 exercitu
539 2334 612 2395 nihil
634 2339 747 2396 irarum.
768 2336 837 2396 Non
863 2339 933 2398 sane

250 2420 314 2479 aliae
331 2419 479 2502 legiones,
501 2438 548 2499 per
566 2438 666 2477 omnes
685 2418 812 2476 civilium
831 2418 931 2479 bello-

248 2520 314 2559 rum
342 2520 434 2561 motus
459 2546 471 2569 ,
494 2498 669 2563 innocentius
695 2518 811 2579 egerunt
837 2522 845 2555 :
880 2522 933 2563 seu

251 2584 319 2662 quia
341 2582 456 2661 procul,
474 2589 501 2641 &
523 2581 643 2639 Oceano
664 2578 778 2649 divim
795 2600 843 2639 seu
867 2602 933 2640 cre-

252 2662 309 2722 bris
335 2662 558 2743 expeditionibus
586 2660 675 2720 doctae
700 2658 808 2721 hostem
834 2661 932 2740 potitis

252 2744 352 2822 pdiste.
386 2745 474 2827 Quies
508 2752 536 2807 ὃ(
570 2742 684 2827 Illyrico
713 2766 723 2801 ι
751 2761 954 2826 quamquam‘
