2100 3650
212 237 630 311 taurominium.
655 237 685 308 Ι.
746 264 786 310 11

114 358 234 422 avaritiis
250 369 277 421 &
293 359 411 420 libidine
425 358 533 420 foedum
547 380 580 420 ac
595 359 790 434 maculosum,

114 444 154 502 ita
166 443 341 525 cogitatione
354 461 445 500 terum
459 463 595 501 novarum
611 439 792 514 abstinuisse3

115 521 164 582 sed
190 545 208 583 a
230 521 330 606 legatis
356 522 461 582 bellum
484 523 685 594 suadentibus,
709 522 790 603 post-

115 624 204 744 ]uam
232 605 376 684 impellere
402 605 592 684 nequiverint,
622 606 729 663 crimen
757 626 793 664 ac

134 687 216 744 olum
230 686 418 765 compositum
432 685 504 744 ultro
519 707 527 742 t
540 694 568 745 ὅ(
582 685 708 746 Galbam
721 707 791 746 mo-

115 767 228 826 bilitate
244 767 368 850 ingenii,
386 788 442 838 an,
457 787 493 826 ne
511 762 592 826 altilis
608 784 792 841 scrutaretur,

115 869 235 928 quoquo
253 847 342 906 modo
362 849 441 918 acia,
459 849 525 928 quia
545 850 647 907 mutmi
665 869 724 908 non
742 870 792 929 po-

116 947 234 999 terant,
270 929 474 1009 comprobasse
509 927 645 990 Cetettim
675 947 794 1010 utraque

118 1009 207 1069 caedes
229 1007 336 1070 sinistre
362 1029 475 1090 accepta
504 1033 512 1068 t
540 1019 567 1070 &
592 1012 684 1071 inviso
706 1013 793 1071 semel

116 1091 264 1172 principe,
286 1111 333 1151 seu
354 1091 446 1160 bene,
471 1111 518 1151 seu
541 1092 616 1150 male
635 1090 711 1151 fadia
730 1112 795 1172 pre-

116 1191 209 1233 munt.
228 1173 294 1232 Iam
310 1169 466 1232 afferebant
480 1174 592 1232 venalia
611 1176 711 1232 cuneta
728 1193 797 1252 prae*

118 1273 247 1336 potentes
266 1252 360 1314 liberti
384 1276 391 1310 ε
413 1273 555 1314 servorum
577 1274 676 1314 manus
696 1253 796 1316 subitis

118 1335 230 1406 avidae,
246 1344 273 1395 δι
293 1353 440 1416 tamquam
461 1334 535 1415 apud
552 1355 645 1395 senem
664 1332 797 1395 festinan·

119 1435 161 1476 tes
175 1439 189 1496 ιι
215 1415 369 1499 eademque
395 1437 475 1476 nova
502 1415 572 1476 aulae
597 1417 694 1488 mala,
715 1417 797 1497 aequb

118 1499 247 1579 gravia,
273 1520 331 1578 non
362 1497 440 1579 aequb
472 1516 610 1558 excusata.
641 1498 706 1578 Ipsa
725 1518 798 1558 aetas
845 1505 852 1512 '

118 1579 222 1639 Galba
235 1588 263 1638 &
278 1581 394 1650 inrisuI,
411 1599 443 1640 ac
459 1577 572 1640 fastidio
585 1595 658 1650 erat,
675 1578 799 1638 adsuetis

116 1665 238 1740 juventae
270 1660 411 1730 Neronis,
444 1669 471 1720 δι
498 1662 679 1739 imperatores
703 1658 799 1719 form&

119 1763 153 1800 ac
186 1740 287 1800 decore
313 1745 435 1822 corporis
459 1746 516 1815 (ut
535 1739 575 1800 est
598 1761 661 1801 mos
680 1741 799 1822 vulgi)

121 1823 360 1903 comparantibus.

162 1905 249 1964 VIII.
264 1906 303 1964 Et
316 1900 367 1962 'hic
386 1904 502 1985 quidem
517 1903 640 1980 Romae,
650 1921 800 1983 tamquam

121 1988 151 2046 in
179 2006 259 2046 tanta
281 1984 478 2058 multitudine,
501 1982 614 2046 habitus
638 1982 810 2047 animorum

122 2068 187 2129 fuit.
204 2068 231 2128 E
248 2068 419 2147 provinciis,
435 2067 581 2147 Hispania
597 2086 711 2146 praeerat
721 2066 799 2128 Clu-

122 2152 183 2209 vius
208 2146 328 2218 Rufus,
348 2150 392 2207 vir
408 2148 566 2217 facundus,
586 2156 613 2207 &
634 2150 710 2227 pacis
734 2150 804 2207 arti·

121 2231 194 2301 bus,
218 2230 300 2289 bellIs
318 2230 482 2309 inexpertus.
505 2228 623 2299 Gallias,
645 2249 725 2309 super
743 2250 805 2289 me-

124 2314 248 2371 moriam
271 2309 423 2381 Vindicis,
448 2311 583 2393 obligatae
602 2311 706 2369 recenti
723 2308 803 2370 dono

123 2392 264 2453 Romanae
282 2393 422 2463 civitatis,
445 2400 472 2451 &
491 2393 521 2451 in
543 2388 684 2471 posterum
706 2391 805 2451 tributi

124 2474 296 2534 levamento.
336 2473 475 2533 Proxime
514 2490 611 2531 tamen
652 2472 806 2533 Germanis

125 2554 292 2615 exercitibus
316 2554 474 2614 Galliarum
501 2555 648 2624 civitates,
668 2576 728 2614 non
748 2575 803 2613 eo-

125 2636 190 2697 dem
204 2635 312 2696 honore
323 2632 441 2704 habitat,
457 2635 585 2715 quadam
597 2636 682 2693 etiam
701 2633 807 2696 tinibus

125 2717 284 2799 ademptis,
306 2718 368 2799 pati
392 2715 489 2781 dolore
512 2714 667 2775 commoda
688 2716 780 2778 aliena
791 2762 806 2790 ,

599 2796 677 2876 Avj
