2100 3650
213 305 530 378 HrsToltrAltUM
545 306 631 376 LIB.
651 308 701 376 II.
732 331 798 396 127

113 425 246 510 paullum
261 428 420 510 requienitt
442 446 528 509 atque
542 427 642 499 iilum,
656 447 799 508 supremas

111 514 174 590 jam
197 529 277 570 cures
294 510 394 570 animo
418 510 615 582 volutantem,
636 530 734 592 repens
754 529 799 570 ru·-

112 593 222 654 multus
251 594 379 662 avertit„
407 591 540 652 nunciata
575 590 799 653 consternatione

112 695 146 733 ac
165 674 284 734 licentii
302 674 427 732 miiitum
456 697 464 732 x
487 693 611 754 namque
630 674 799 736 abeuntibus

112 757 233 818 exitium
253 755 458 816 minitabantur
463 796 480 828 ,-
492 753 668 816 atrocissimi
681 758 711 816 in
722 757 752 816 V
754 778 799 818 er-

112 839 227 931 ginium
238 838 287 907 vi,
299 857 387 918 quem
397 836 492 898 clausi
502 837 593 898 domo
606 837 797 900 obsidebatur

112 921 257 1001 eucrepitis
277 917 424 980 seditionis
445 920 607 981 rudioribus
630 939 769 1002 regressus
781 965 795 992 ,

69 1031 74 1038 ·
112 1005 227 1062 vacavit
248 1001 415 1060 abeuntium
436 1001 589 1083 alioquiis,
617 999 709 1062 donet
730 1023 797 1062 om·

112 1103 163 1142 nes
184 1082 315 1144 inviolati
338 1083 366 1142 d·
403 1082 557 1144 ederentur.
576 1083 798 1163 Vesperescente

112 1163 182 1235 die,
205 1166 283 1226 sitim
306 1161 345 1224 ba
427 1164 529 1246 gelidae
551 1185 631 1246 aquae
657 1165 795 1226 sedavit:

112 1263 174 1305 tum
210 1246 302 1307 ablatis
334 1246 506 1328 pugionibus
535 1245 675 1316 duobus,
707 1265 797 1326 quum

112 1346 263 1409 utrumque
282 1345 484 1408 permutasset,
499 1328 618 1388 altemm
635 1327 720 1407 capiti
732 1327 797 1386 sub-

111 1407 205 1468 didit:
219 1417 248 1470 &
265 1410 418 1490 explorato·
429 1414 490 1488 jam
507 1407 650 1489 profestos
662 1410 794 1480 amicos,

111 1494 228 1551 noctem
253 1492 401 1572 quietam,
424 1509 511 1572 utque
531 1488 714 1562 adfirmatur,
734 1513 794 1552 non

111 1573 274 1633 insomnem
303 1573 370 1655 egit.
395 1573 471 1632 Luce
496 1569 608 1652 primi,
635 1573 665 1631 in
688 1571 795 1632 ferrum

110 1657 225 1734 pediore
241 1653 370 1713 incubuit
390 1675 398 1711 r
417 1652 455 1713 ad
470 1655 610 1737 gemitum
630 1655 795 1724 morientis,

109 1737 230 1818 ingressi
250 1735 359 1806 liberti,
384 1737 528 1817 servique,
550 1744 577 1796 &
599 1735 706 1795 Plotius
727 1735 794 1794 Fir-

110 1838 174 1879 mus
194 1818 316 1898 praetorii
333 1815 498 1898 praefedius,
521 1837 610 1878 unum
630 1815 732 1875 vulnus
749 1817 795 1877 iu·

109 1920 222 1960 venere.
245 1900 339 1959 Funus
357 1918 530 1959 muneratum
553 1920 560 1955 t
583 1896 742 1957 ambitiosis
764 1898 796 1959 id

109 1981 241 2062 precibus
269 1983 406 2062 petierat,
434 2004 469 2041 ne
489 1998 676 2056 amputaretur
692 1998 794 2053 caput,

109 2064 233 2123 hedibrio
246 2063 383 2141 futurum.
410 2062 514 2121 Tulere
540 2082 638 2142 corpus
662 2062 795 2142 praetotiae

109 2142 259 2215 cohortes,
277 2166 342 2205 cum
365 2142 495 2205 laudibus
509 2152 537 2203 δι
558 2143 710 2225 lacrymis,
731 2144 795 2205 vul·

109 2248 163 2285 nus
187 2247 345 2307 manusque
364 2232 422 2305 ejus
440 2224 642 2285 exosculantes.
663 2223 793 2303 Quidam

109 2309 254 2378 militum,
273 2312 351 2387 juxta
370 2328 472 2392 rogum
485 2305 646 2367 interfecere
665 2327 711 2377 se3
734 2328 793 2367 nou
822 2342 830 2357 ι

109 2387 207 2460 noxi,
230 2410 322 2470 neque
337 2389 376 2448 ob
394 2409 522 2463 metum,
542 2388 590 2449 sed
612 2389 793 2449 aemulatione

110 2470 243 2541 decoris,
270 2480 298 2531 δι
317 2472 430 2530 caritate
450 2472 584 2551 principis
607 2492 614 2527 r
639 2491 673 2529 ac
697 2466 793 2547 postea

108 2551 272 2632 promiscue
293 2552 443 2622 Bedriaci,
470 2552 642 2623 Placentiae,
673 2550 793 2632 aliisque

108 2634 142 2693 iu
166 2632 283 2705 castris,
310 2635 480 2694 celebramm
508 2633 539 2693 id
566 2653 653 2717 genus
682 2634 791 2693 mortis.

109 2712 229 2774 Othoni
248 2716 403 2796 sepulcrum
423 2714 588 2777 exstrutium
610 2713 668 2787 est,
690 2713 791 2775 modi·

108 2817 177 2857 cum
187 2841 199 2871 ‚
217 2805 246 2859 dt
265 2818 437 2859 menstruum.

637 2876 705 2939 Fiv
