2100 3650
275 347 344 414 144
396 328 433 396 C.
462 320 608 398 σου.
640 329 843 398 TAcm'

312 447 433 508 LXXII.
455 450 527 509 Non
545 449 616 508 ultra
636 468 740 528 paucos
754 449 837 520 dies,
854 471 951 531 quam⁴

272 551 359 612 quam
380 531 490 590 actibus
504 532 593 590 initiis
608 547 747 610 coeptum,
767 531 951 591 mendacium

270 613 368 671 valuit.
385 609 535 672 Exstiterat
548 611 683 693 quidam,
698 611 914 671 Scribonianum
924 638 952 673 se

274 694 425 751 &metium
454 693 574 764 fetenS,
598 694 821 752 Neronianorum
851 713 952 768 tempo·

270 794 329 831 rum
349 792 421 832 metu
438 775 469 833 in
488 775 570 856 Istrio
593 777 772 846 occultatam,
796 775 874 852 pudd
893 778 952 835 illic

269 855 399 914 clientela
412 852 511 934 &agri
526 875 646 918 veterum
665 859 842 926 Crassorum,
860 879 892 915 ac
908 880 952 916 no

270 937 354 994 minis
359 936 448 1013 favor
460 937 595 996 monebat.
610 937 699 1019 Igitur
712 937 867 1008 deterrimo
879 959 951 1019 quo-

269 1019 364 1096 quein
380 1037 579 1100 atgumentum
595 1017 696 1078 fabulae
710 1037 875 1099 assumpto,
890 1021 951 1079 vul-

255 1113 321 1179 ·gus
338 1099 496 1170 credulum,
516 1109 544 1159 δι
562 1099 680 1180 quidam
695 1100 837 1170 militum,
860 1121 950 1162 ertote

268 1181 349 1250 veri,
368 1199 416 1240 seu
442 1183 586 1240 turbarum
603 1179 716 1252 studio,
739 1179 871 1241 certatim
893 1205 948 1266 ag-

271 1262 483 1344 gregabanmt3
507 1283 598 1342 quum
621 1265 771 1343 pettraetus
793 1263 831 1323 ad
854 1265 949 1324 Vitel-
1034 1290 1039 1323 ι

176 1406 178 1413 ,
232 1362 235 1370 ’
269 1343 340 1402 lium
355 1387 365 1413 ,
383 1346 624 1426 interrogatusque
645 1345 771 1420 quisnam
789 1348 950 1406 mortalium
1006 1370 1009 1376 ·
1040 1343 1041 1370 ³

270 1441 364 1493 esset,
389 1422 538 1505 postquam
561 1425 639 1486 nulla
661 1425 742 1484 dietis
766 1423 835 1484 fidet
851 1435 910 1498 ,'&
932 1450 950 1490 a

270 1503 391 1564 domino
408 1508 595 1578 noscebatur,
612 1505 775 1566 conditione
791 1505 951 1590 fugitivus,
1040 1547 1041 1556 κ

270 1586 387 1645 nomine
404 1586 495 1659 Geta,
508 1607 654 1668 sumptum
674 1587 710 1648 de
728 1609 763 1647 eo
777 1590 951 1670 supplicium
1040 1621 1041 1628 κ

269 1669 300 1726 in
321 1669 449 1727 seruilem
464 1669 593 1729 modum.

304 1748 447 1813 ·Lxx111.
467 1751 528 1810 Vix
549 1751 679 1812 credibile
703 1770 867 1811 memoratu
880 1719 969 1827 'est,'

269 1838 419 1912 quantum'
440 1834 573 1913 superbia
605 1832 796 1914 socordiaeque
824 1834 950 1895 Vitellio

269 1913 445 1986 adoleverit‚‘
468 1913 616 1997 postquam
643 1915 828 1995 speculatores
851 1937 868 1975 e
895 1916 951 1999 Sy-

195 2036 209 2045 ·
269 1998 312 2062 tia
322 1997 337 2055 J
341 1996 474 2077 udaeaque
483 2039 493 2067 ‚
503 2001 626 2057 adaa‘lum
635 1998 666 2055 in
677 1996 759 2058 verba
768 2000 828 2079 ejus
845 1998 950 2057 Orien-

270 2095 325 2137 tem
338 2079 514 2137 nunciavere.
534 2078 612 2137 Nam
631 2080 683 2137 etsi
705 2080 786 2161 vagis
806 2076 902 2137 adhuc
922 2090 951 2139 δι

269 2159 381 2218 incertis
397 2160 572 2231 auctoribus,
595 2179 653 2219 etat
668 2178 764 2219 tamen
781 2161 811 2217 in
834 2181 885 2218 ore
904 2160 951 2220 fa-

176 2303 178 2308 ,
269 2259 374 2320 maque
389 2241 595 2319 Vespasianus,
607 2262 640 2301 ac
655 2242 818 2320 plerumque
835 2241 873 2301 ad
887 2264 948 2301 no-

270 2340 338 2381 men
355 2326 413 2399 ejus
426 2322 560 2383 Vitellius
579 2323 757 2383 excitabatur.
772 2322 852 2382 Tum
869 2325 950 2403 ipse,

270 2404 481 2485 exercimsque,
506 2413 538 2462 ut
563 2404 640 2463 nullo
666 2404 790 2474 aemulo,
816 2403 925 2463 saevitib
937 2448 948 2475 ,

270 2483 409 2556 libidine,
435 2504 539 2565 raptu,
566 2487 597 2545 iu
618 2503 745 2545 externos
766 2506 860 2545 mores
884 2507 950 2567 pto-

267 2584 407 2644 ruperant.

250 2659 254 2666 ’
311 2646 448 2707 LXXIV.
468 2645 508 2705 At
528 2647 717 2727 Vespasianus
734 2647 841 2707 bellum
855 2669 950 2708 arma·

265 2746 348 2806 que,
366 2736 395 2787 ὅ(
416 2728 513 2806 procul
532 2728 579 2787 vel
599 2726 677 2806 juxtb
698 2731 763 2791 sitas
781 2730 871 2799 vires,
895 2732 949 2788 cir-

198 2890 206 2909 *
268 2808 488 2892 cumspeotabat.
506 2810 592 2871 Miles
611 2812 664 2891 ipsi
681 2810 753 2873 adeo
765 2830 900 2892 paratus,
916 2828 949 2869 ut

717 2951 720 2959 ,
775 2912 950 2974 praeeuntem
1041 2914 1042 2921 ¹
