2100 3650
225 329 291 402 352
349 313 383 381 C.
413 308 549 382 Corn.
584 310 772 381 TAcrrr

220 429 386 492 funderetur.
406 431 450 491 Ea
475 432 532 492 loci
559 429 672 501 forma,
700 432 813 492 incertis
844 446 900 495 vas

220 512 263 574 dis
294 513 432 583 subdola,
456 522 484 573 δι
506 513 590 572 nobis
615 513 731 574 adversa
756 538 764 571 t
790 516 899 595 quippe

221 594 302 653 miles
325 594 472 653 Romanus
500 595 585 655 armis
610 596 723 677 gravis,
747 603 775 655 &
808 596 901 655 nandi

186 752 189 755 Ι
218 674 359 814 pavidus3
384 675 568 746 Germanos,
591 676 753 736 fluminibus
779 695 875 735 suetos
888 721 902 747 ‚

190 818 192 825 ,
230 756 317 815 evites
337 776 479 817 armorum
490 798 501 827 ,
527 765 557 817 bt
579 758 728 836 proceritas
746 776 901 837 corporum

218 836 332 897 attollit.

261 917 331 980 XV.
347 918 452 1001 Igitur,
470 919 665 979 lacessentibus
678 918 807 989 Batavis,
826 918 902 978 fero-

220 998 334 1059 cissimo
360 997 461 1081 cuique
482 998 640 1059 nostrorum
662 1019 786 1080 coeptum
810 1020 901 1061 certu-

220 1096 287 1139 men
307 1102 314 1137 :
336 1079 436 1140 deinde
456 1100 517 1141 orta
532 1080 700 1161 trepidatio,
719 1102 809 1163 quum
828 1103 901 1161 prae-

219 1161 283 1220 ultis
309 1162 456 1241 paludibus
487 1182 586 1233 artua,
617 1164 683 1242 equi
713 1160 899 1223 hatnitentur.
937 1178 940 1183 ’

219 1240 358 1303 Germani
377 1246 451 1304 notis
464 1242 545 1303 vadis
565 1243 775 1323 persultabant,
793 1242 902 1304 omissi

217 1323 381 1405 plerumque
403 1323 513 1396 fronte,
529 1324 617 1384 latera
632 1345 666 1383 ac
681 1344 760 1407 terga
776 1326 902 1385 circum·

217 1405 391 1465 venientes:
415 1426 530 1487 neque,
556 1407 644 1465 utin
673 1404 790 1485 pedestri
819 1408 899 1478 acie,

220 1487 348 1545 cominus
362 1486 537 1557 certabatur3
555 1486 622 1557 sed,
640 1506 788 1568 tamquam
803 1489 900 1547 navali

219 1564 336 1707 pugni,
359 1568 427 1651 vagi
453 1571 524 1627 inter
547 1567 657 1637 undas,
683 1588 756 1637 aut,
778 1569 805 1627 si
827 1568 899 1649 quid

220 1644 260 1707 sta
281 1649 317 1708 ile
340 1650 529 1720 occurrebat,
557 1650 625 1709 totis
648 1648 707 1708 iffic
735 1651 900 1729 corporibus

220 1729 361 1799 nitentes,
389 1730 528 1791 vulnerati
557 1751 622 1790 cum
651 1730 788 1813 integris,
816 1731 900 1809 periti

219 1811 307 1872 naudi
324 1833 390 1871 cum
410 1814 532 1894 ignaris,
547 1812 577 1872 in
596 1831 724 1872 mutuam
745 1812 899 1892 perniciem

219 1893 436 1974 implicabantur
458 1918 465 1952 ε
488 1895 583 1954 minor
601 1912 698 1954 tamen
714 1939 723 1964 ‚
740 1893 827 1974 quim
845 1914 898 1975 pro

219 1975 356 2045 tumultu,
374 1975 480 2045 caedes3
504 1977 572 2057 quia
590 1997 650 2034 non
662 1977 722 2034 ausi
737 1975 833 2056 egredi
848 1996 898 2054 pa·

127 2125 129 2128 v
218 2055 315 2114 ludem
344 2056 502 2127 Germani,
525 2077 557 2115 nr
580 2054 666 2116 castra
693 2055 806 2116 rediere.
828 2055 897 2135 Ejus

217 2137 310 2216 proelii
333 2157 446 2196 eventus
476 2157 625 2218 utrumque
650 2136 750 2197 ducem
763 2185 775 2208 ,
798 2137 895 2197 diver-

218 2215 255 2276 sis
277 2219 366 2277 animi
387 2219 532 2291 motibus,
549 2218 586 2278 ad
607 2217 806 2278 maturandum
824 2239 898 2278 suur-

220 2317 273 2358 mae
301 2301 340 2356 rei
369 2298 518 2359 discrimen
544 2301 637 2359 eterit.
667 2299 773 2360 Civilis
795 2297 896 2367 instare

219 2378 367 2451 fornmae3
395 2379 515 2441 Cerialis
549 2381 664 2440 abolere
694 2382 894 2463 ignoruntium.

220 2460 358 2522 Germani
377 2463 512 2542 prosperis
528 2460 653 2538 ferocesj
671 2461 819 2521 Romanos
836 2483 893 2540 pu-

219 2539 272 2602 dor
307 2544 476 2604 excitaverut
511 2566 519 2600 :
551 2565 610 2604 nox
643 2541 720 2622 apud
758 2543 896 2602 Barbaros

219 2639 303 2681 cantu
333 2643 381 2683 aut
408 2624 531 2684 clamore
538 2646 550 2696 3
576 2621 678 2684 nostris
703 2643 750 2702 pet
775 2625 846 2682 iram
868 2632 896 2707 de

177 2751 180 2759 .
218 2703 310 2761 minas
328 2708 398 2765 acia.

258 2783 351 2845 XVI.
370 2783 481 2846 Posteri
502 2785 587 2858 luce,
611 2784 734 2848 Cerialis
755 2787 849 2868 equite
867 2792 897 2848 dr
