2100 3650
204 301 297 369 350·
325 280 361 349 C.
390 279 537 347 Coris.
569 278 770 360 Tacrrr·

202 401 319 487 quisque
333 400 399 458 illuc
419 396 595 480 perfugerat,
614 395 706 479 eoque
720 394 887 457 seditiosius

201 504 219 541 a
241 481 334 540 ebant.
355 480 426 539 Tres
449 480 557 550 duces,
584 478 704 539 totidem
731 479 884 537 exercitus.

202 503 336 623 ngtrerm
368 570 396 621 &
428 561 564 620 latissima
596 562 734 620 moenium
769 560 885 628 Simo,

138 650 140 654 '
204 642 328 703 mediam
357 642 456 701 urbem
478 642 602 701 Ioannes
617 687 626 712 ,
644 662 730 723 quem
754 650 783 702 &
804 641 884 699 Bar·

205 726 316 807 gioram
334 724 493 793 vocabant,
511 725 648 803 ternplum
670 723 823 783 Eleazarus
836 719 888 779 fir·

205 824 339 865 oraverat.
363 804 549 865 Multitudine
571 812 600 864 ει
624 806 710 864 armis
735 805 886 872 Ioannes,

206 906 239 947 ac
262 886 343 947 Simo
355 908 365 956 3
393 886 546 945 Eleazarus
575 885 642 946 loco
665 886 801 965 pollebat.
824 882 887 943 Sed

206 966 328 1047 proelia,
355 964 458 1037 dolus,
484 966 615 1027 incendia
641 968 714 1025 inter
735 968 835 1047 ipsos,
856 974 887 1025 δι

207 1068 314 1131 magna
332 1049 375 1107 vis
396 1046 531 1107 frumenti
545 1045 681 1107 ambusta.
695 1048 769 1108 Mox
785 1048 884 1107 Ioan-

207 1150 277 1201 nes,
298 1131 390 1190 missis
413 1150 461 1209 per
477 1130 599 1209 speciem
616 1126 811 1199 sacrificandi,
834 1129 888 1208 qui

208 1210 377 1274 Eleazarum
418 1230 591 1291 manumque
626 1214 686 1289 ejus
725 1210 888 1269 obtrunca-

209 1312 286 1363 rent,
304 1291 411 1371 templo
425 1293 530 1372 potitur
549 1314 556 1348 ι
576 1294 617 1351 ita
640 1294 671 1351 in
688 1290 757 1351 duas
780 1290 888 1351 fastio-

210 1393 259 1433 nes
278 1374 376 1433 civitas
394 1372 538 1443 discessit,
558 1372 666 1444 donec,
685 1375 886 1453 propinquan-

212 1454 286 1533 tibus
303 1454 458 1523 Romanis,
479 1453 586 1515 bellum
604 1473 748 1515 externum
767 1474 889 1515 concor·

212 1534 290 1595 diam
311 1554 425 1614 pareret.

253 1616 335 1676 XIII.
363 1616 522 1677 Evenerant
542 1616 693 1699 prodigia,
715 1637 777 1697 quse
796 1636 889 1697 neque

209 1692 310 1772 =hostiis
321 1744 333 1768 ‚
349 1719 440 1781 neque
459 1700 535 1759 νοτὶς
555 1700 631 1779 piare
651 1697 694 1759 fas
714 1695 801 1757 habet
817 1718 888 1779 gens

212 1777 399 1860 superstitioni
432 1780 585 1852 obnoxia,
614 1778 799 1863 religionibus
836 1776 889 1839 ad-

213 1881 301 1922 versa.
323 1862 400 1922 Visa
419 1882 467 1942 per
490 1863 593 1922 coelum
613 1881 774 1921 concurrere
793 1862 886 1932 acies,

214 1945 358 2004 rutilantia
384 1964 482 2015 mma,
508 1953 536 2004 &
559 1943 654 2002 subito
679 1943 797 2002 nubium
822 1942 889 2024 igne

216 2025 351 2088 collucere
375 2025 521 2104 templum.
545 2023 676 2105 Expassae
704 2041 817 2103 repente
841 2021 890 2082 de-

216 2103 289 2168 lubri
308 2105 397 2177 fores,
415 2116 443 2166 δι
460 2105 555 2166 audita
568 2110 660 2185 major
672 2102 798 2164 humana
811 2125 889 2175 vox,

218 2189 341 2246 excedere
361 2191 424 2246 deos
444 2210 451 2244 r
471 2188 557 2248 simul
573 2188 673 2270 ingens
698 2205 792 2246 motus
817 2205 891 2244 exce·

219 2267 354 2328 dentium.
372 2268 444 2345 Quae
459 2270 542 2348 pauci
559 2268 589 2328 in
606 2286 713 2328 metum
724 2264 890 2328 trahebant:

219 2350 343 2430 pluribus
361 2351 503 2429 persuasio
521 2352 630 2421 inerat,
655 2350 779 2430 antiquis
798 2368 890 2407 sacer·
930 2365 934 2372 ·

220 2429 320 2494 dotum
340 2431 437 2490 litteris
460 2432 619 2501 contineri,
638 2450 673 2490 eo
690 2432 753 2512 ipso
768 2447 892 2507 tempore

222 2510 306 2583 fore,
333 2531 363 2572 ut
390 2512 539 2574 valesceret
567 2512 692 2583 Oriens,
720 2508 892 2592 profectique

222 2591 318 2654 Iudaei
345 2614 435 2653 rerum
460 2596 613 2674 potirentur
640 2616 647 2650 z
671 2613 733 2687 qua:
762 2591 894 2732 ambages

222 2673 429 2752 Vespasianum
452 2695 484 2734 ac
508 2674 608 2746 Titum
632 2673 820 2753 praedixerant.
861 2671 893 2732 ed

223 2754 893 2844 tulgus,morehumanaesupidinis,sibitautam
