2100 3650
213 311 552 372 Htsronunanse
581 309 732 372 Nora.
757 330 814 385 397

176 433 203 470 2·
240 417 352 467 Nondum
377 419 467 466 additis
492 416 647 483 Cappedneiae
673 416 815 486 legionibus.

138 491 223 556 Quum
238 492 317 542 nullas
332 491 389 541 dum
405 491 562 557 Cappadocia
580 491 693 558 legiones
710 492 816 541 haberet

137 565 186 616 sibi
197 565 337 616 attributas.
348 564 532 630 Vespasianus.
547 563 692 614 confirmato
705 563 755 628 jam
768 563 815 613 im·

136 638 225 705 perio,
240 638 346 701 addidit,
362 648 467 704 propter
482 637 591 690 assiduos
604 637 763 688 basiatosum
778 637 815 687 in·

137 727 235 762 cussus.

175 782 321 835 LXXXIII.
333 799 355 836 s.
367 783 471 834 Classem
481 781 701 850 ePoneo'Romani
711 785 816 835 classem
911 798 914 801 '

135 856 163 907 in
177 855 259 908 Ponto
274 859 396 908 habebant
407 858 565 927 quadraginta
578 859 688 920 natium,
698 858 728 908 ad
738 870 814 909 tuen-

136 929 192 980 dam
208 930 280 980 matis
299 930 365 980 iliius
383 947 461 982 oram.

175 1020 202 1056 2.
214 1001 298 1054 Pedite
312 1017 381 1070 atque
398 1007 481 1070 equite.
497 1003 563 1054 Editi
577 1001 653 1072 vulgis
669 1004 760 1054 addunt
773 1020 815 1069 pa·

136 1091 209 1138 teret,
225 1095 297 1152 quant
316 1093 405 1127 vocem
424 1077 566 1131 volentibus
584 1077 650 1129 flor.
666 1078 692 1130 ἃ
712 1076 811 1146 Regio,

137 1167 193 1202 eum
211 1149 310 1218 Ryckio
328 1150 354 1200 δι
372 1149 394 1201 J.
416 1149 541 1202 Gtonoso
561 1149 691 1216 ejecimus.

175 1222 320 1276 LXXXIV.
341 1237 367 1276 ι.
386 1224 428 1274 Aa
446 1222 587 1272 obtinendas
606 1227 751 1289 iniquitates.
771 1222 812 1274 Sic

135 1297 201 1363 apud
219 1297 313 1347 Livium
335 1313 388 1365 29,
414 1311 437 1348 1.
460 1300 592 1362 pertinaces
612 1298 644 1345 nd
662 1296 812 1346 obtinendam

135 1368 257 1438 injuriam.
276 1369 343 1420 iniri
361 1385 407 1436 pto
425 1371 581 1436 vulgatorum
594 1368 725 1431 obstinato.
740 1369 812 1420 dedi·

134 1461 189 1494 mus
213 1461 267 1494 cum
283 1443 382 1509 Ryckio
398 1442 464 1494 Flor-
486 1443 512 1494 δι
530 1442 610 1510 Regio
626 1442 812 1504 addicentibus,

135 1515 265 1579 abstinente
270 1535 279 1576 i
293 1533 365 1582 quam
374 1533 465 1569 vocem
474 1526 558 1566 tuetur
568 1515 713 1568 Gronovius
724 1533 812 1568 exem·

134 1593 179 1656 plo
192 1591 273 1642 Plauti
285 1591 417 1650 Aulula,
436 1605 461 1642 2.
476 1587 513 1640 Id.
524 1590 602 1640 iniine
609 1609 619 1650 3
630 1608 658 1640 ea
669 1590 811 1657 affinitatem

134 1663 263 1726 obstinavit
272 1666 361 1731 gratia.

173 1754 200 1788 2.
217 1737 308 1806 Largus
319 1740 442 1804 privatim.
461 1736 499 1786 lta
518 1737 585 1788 flor.
599 1735 691 1804 Regius
708 1737 734 1788 δι
751 1737 811 1792 editi
914 1753 922 1759 “

135 1829 222 1863 omnes
238 1823 294 1863 ante
312 1811 423 1863 Rhenani
440 1811 586 1873 secundam,
597 1811 622 1861 in
639 1827 687 1875 qua
698 1809 811 1879 largiens,

134 1902 241 1948 estote,
252 1896 279 1936 ut
290 1885 404 1945 videtur,
413 1886 604 1953 typographico.
619 1885 684 1933 iniri
693 1902 738 1949 pto
749 1888 813 1951 quoni

134 1960 245 2019 auidiis,
258 1960 385 2009 mallemus
397 1976 451 2009 cum
466 1957 568 2007 Ernesto
578 1958 623 2023 pud
631 1958 735 2008 aeidiis.

172 2032 301 2083 LXXXV.
322 2047 344 2083 ι.
362 2031 519 2083 Proturbaee's.
533 2031 630 2096 Spretis
646 2030 812 2098 sejeiiisque,

134 2106 178 2173 qui
189 2106 277 2156 victum
287 2106 313 2157 δι
324 2117 447 2157 mortuum
465 2105 593 2155 Othonem
608 2105 771 2157 nunciabant

175 2196 200 2231 2.
217 2178 294 2229 Posse
305 2183 416 2248 imputari
432 2174 589 2244 Vespasiano.
604 2179 639 2228 Ea
654 2194 731 2245 posse
747 2181 811 2244 apud

133 2253 315 2319 Vespasianum
325 2264 445 2320 tamquam
454 2250 574 2303 beneficia
585 2252 611 2303 &
620 2253 708 2301 merita
720 2254 809 2317 praedi·

133 2328 201 2387 cari,
219 2342 272 2393 qun
290 2326 353 2393 apud
370 2326 500 2380 Vitellium
517 2326 678 2377 excusatione
690 2326 721 2383 dt
737 2326 809 2376 venii

131 2400 286 2467 indigebant.

162 2472 315 2529 LXXXVI.
333 2489 356 2525 ι.
369 2471 438 2521 Falsi
448 2474 583 2522 annnam.
596 2471 631 2523 V.
645 2470 810 2535 An.14,4o·

172 2562 198 2597 2.
214 2543 310 2616 Quietis
318 2548 434 2613 cupidine.
447 2546 538 2597 Maliet
550 2545 654 2597 Grotius
665 2546 759 2611 quallis
770 2564 808 2594 ea·

130 2622 214 2686 pidine
231 2636 240 2669 .·
258 2635 304 2669 nec
321 2618 380 2669 sani
397 2620 474 2686 quieti
491 2620 583 2671 Fuscus
597 2619 706 2688 ingenii,
725 2632 753 2669 ut
768 2636 808 2671 se·

132 2693 234 2760 quentia
253 2692 391 2745 ostendunt.

171 2778 198 2832 3.
208 2767 384 2837 adgrediamur.
399 2765 566 2835 Vespasianus
577 2766 675 2819 scilicet
688 2766 714 2820 ds
728 2766 808 2821 ceteri
