2100 3650
203 287 515 354 Hirronzrnuu
530 283 614 352 lin.
630 283 660 352 Ι.
723 305 764 376 25

92 403 141 486 [pe
178 403 383 474 successionis,
413 422 462 462 aut
489 421 587 483 paratu
613 403 771 474 ἷιιείιιοῐὶς,Ι

91 485 295 548 alfediaverut:
323 485 353 543 in
381 485 502 554 itinere,
529 486 559 543 in
577 487 718 566 agmine,
739 487 792 545 iu-

90 565 282 634 stutionibus,
302 562 519 625 vetustissimum
541 585 682 646 quemque
707 567 773 625 mi·

91 649 175 708 litum
191 647 308 706 nomine
320 666 444 716 vocans,
464 666 521 716 ac,
547 644 685 706 memorii
701 645 776 705 Ne·'

91 729 207 787 turriani
237 724 410 796 comitatis,
438 725 640 786 contubernales
666 729 769 807 appel-

90 809 180 868 lando
196 831 209 865 e
235 808 306 867 alios
327 804 501 890 agnoscere,
520 805 660 906 quosdam
674 810 770 890 tequi-

90 910 169 961 tere‚
190 897 218 948 &
236 885 373 967 pecunid,
393 907 441 946 aut
462 888 552 970 gratie
569 893 664 965 juvate
684 911 692 945 ι
717 892 767 948 in-

91 969 212 1030 serendo
232 967 328 1047 saepius
347 969 472 1050 querelas
482 962 541 1039 s&
559 970 712 1051 ambiguos
732 971 771 1031 de

36 1053 40 1067 '
91 1051 192 1110 Galba
212 1047 371 1118 sermones,
386 1069 503 1130 quaeque
517 1051 572 1108 alia
591 1051 770 1112 turbamenta

91 1132 183 1214 vulg't
205 1131 329 1190 Labores
346 1131 494 1201 itinerum,
511 1131 608 1210 inopia
627 1152 772 1192 commea·

93 1231 198 1280 tuum,
222 1211 324 1270 diuitia
346 1211 479 1289 imperii,
501 1209 622 1270 atrotitis
643 1216 768 1292 accipie·

93 1292 214 1363 bantur,
228 1299 316 1373 q'uum
328 1290 499 1369 Campaniae.
508 1291 603 1360 lacus,
615 1300 642 1351 δι
651 1291 770 1354 Achaiae
784 1317 789 1324 ’

93 1373 196 1444 urbes,
211 1372 344 1432 classibus
357 1372 432 1430 adire
451 1369 546 1441 soliti,
568 1371 723 1433 Pirenaeum
741 1383 786 1434 &t

95 1455 210 1534 Alpes,
236 1461 263 1513 δι
289 1451 428 1514 immensa
445 1454 554 1512 viarum
574 1451 682 1534 speria,
695 1475 769 1539 :gre

93 1533 146 1594 sub
171 1536 257 1592 armis
279 1535 453 1593 eniterentur.

135 1613 250 1674 XXIV.
273 1615 466 1696 Flagrantibus
482 1618 542 1692 jam
562 1614 688 1674 militum
708 1618 769 1675 ani·

95 1697 175 1768 tuis,
193 1697 270 1756 velut
294 1694 369 1755 faces
390 1695 536 1754 addiderat
555 1696 675 1755 Mevius
704 1695 767 1756 Pu·

95 1777 163 1837 den-s
172 1821 183 1849 ,
199 1797 214 1836 e
229 1777 363 1857 proximis
380 1775 517 1859 Tigellini
538 1797 548 1832 z
570 1778 594 1836 is
610 1777 767 1839 mobilissi-

96 1878 176 1919 mum
191 1878 333 1941 quemque
351 1860 488 1941 ingenio,
510 1860 702 1949 aut'pecuuiae
715 1860 769 1919 iu-

95 1940 226 2033 digum‚
256 1948 283 1999 &
311 1942 341 1999 iu
367 1942 454 1999 novas
478 1936 643 2077 qqqidrtnes
668 1943 770 2018 preci-
805 2015 808 2020 Ι

95 2038 183 2100 prtem
199 2019 371 2092 alliciendo,
392 2016 427 2079 ei>
449 2040 484 2099 pa
526 2020 596 2078 atim
613 2016 769 2101 progreffus

96 2101 156 2172 est,
185 2120 234 2172 ut,
255 2121 302 2181 per
322 2098 442 2181 spetiem
468 2100 613 2169 convivii,
635 2103 767 2181 quotiens

96 2182 193 2243 Galba
224 2182 299 2261 apud
323 2178 473 2241 Othonem
501 2182 680 2260 epularetur,
710 2202 769 2242 eo·

95 2261 193 2333 horti,
213 2263 346 2322 excubias
367 2264 485 2345 agenti,
507 2263 613 2321 'uiritim
634 2281 769 2325 centenos

95 2362 229 2405 nummos
253 2343 387 2403 divideret
406 2366 413 2401 r
431 2362 517 2424 quarn
532 2344 608 2401 velut
621 2344 766 2422 publicam

93 2427 276 2509 largitionem
311 2421 426 2494 Otho,
462 2420 652 2483 secretioribus
690 2424 768 2504 apud

93 2508 222 2589 singulos
242 2506 382 2585 premiis,
402 2502 564 2563 intendebat
584 2527 591 2560 t
610 2502 683 2563 adeo
701 2508 766 2565 uni-

94 2586 191 2649 mosus
225 2605 391 2667 corruptor,
417 2603 447 2644 ut
472 2584 599 2646 Cocceio
626 2585 767 2659 Proculo,

31 2704 32 2717 1
95 2666 288 2749 speculatori,'
307 2666 342 2726 de
366 2684 442 2747 parte
465 2663 565 2725 finium
586 2686 650 2724 cum
670 2669 767 2726 vicino

94 2745 453 2889 ambigenqilunivetsum
474 2748 562 2811 vicini
582 2768 699 2889 rufium,
717 2746 767 2811 suti

140 2832 219 2892 Tum.
290 2871 297 2895 .
