2100 3650
117 286 123 304 '
186 251 503 357 HrsrourAtuir
527 271 613 339 Lm.
640 264 689 334 11.
718 281 781 350 ¹35

108 409 352 472 othoninum,
355 397 523 474 pennixtum
531 388 667 452 uehiculis
674 404 789 464 agmen,

103 517 139 555 ac
153 492 282 567 pleraque
293 481 432 561 fhmu'ta,
444 474 546 555 fraudi
560 491 615 530 suu
631 467 789 550 adsignan-

104 595 176 635 tes:
198 580 227 630 δι
243 564 377 626 Vitellius
399 555 519 618 credidit
545 552 581 612 de
602 545 737 632 perfidia,
760 551 789 604 dc

105 655 196 716 fidem
215 647 347 710 absolsit.
368 641 479 702 Salvius
493 635 644 702 Titianus,
662 625 791 688 Othonis

105 739 218 804 frater,
234 729 345 795 nullum
361 722 510 783 discrimen
530 715 619 785 adiit,
637 713 739 792 pietate
760 715 789 768 dc

106 814 228 902 ignavi&
244 825 407 875 ,crematus
432 801 530 862 Mario
551 795 640 858 Celso
659 789 792 851 consula·

108 911 298 962 tus‘servatnr
317 912 325 947 ι
345 885 394 948 sed
415 881 552 942 creditum
576 873 674 944 fami,
695 871 792 950 objec-

108 998 231 1060 tumque
247 993 314 1033 mox
334 971 365 1028 in
381 984 480 1028 senatu
499 959 619 1022 Caecilio
639 953 791 1034 Simplici,

108 1064 186 1142 quid
209 1079 270 1119 eum
293 1053 421 1112 honorem
439 1042 555 1120 pecunid
581 1037 717 1106 mercuri,
743 1053 794 1092 nee

110 1148 174 1206 sine
185 1139 275 1202 ‘exitio
288 1133 362 1195 Celsi
367 1129 502 1193 voluisset
513 1120 632 1182 :restitit
640 1115 794 1185 Vitellius,

112 1225 250 1304 deditque
269 1213 363 1298 postea
382 1207 559 1270 consulatum
577 1199 724 1280 Simplici,
742 1197 793 1255 in·

110 1309 235 1370 noxium
257 1309 285 1360 δι
307 1299 476 1373 inemptum.
497 1281 672 1346 Trachalum
694 1277 796 1338 advet-

113 1411 162 1452 sus
196 1383 379 1445 criminantes
405 1371 542 1439 Galeria,
567 1383 638 1425 tuor
661 1359 797 1430 Vitellii,

114 1469 249 1554 protexit

158 1549 238 1611 LXI.
256 1545 332 1604 Inter
356 1551 527 1619 magnorum
550 1531 674 1588 virorum
698 1521 798 1582 discri-

114 1636 200 1696 mina
223 1621 413 1707 (pudendum
441 1615 520 1674 diditi
538 1619 550 1685 )
570 1609 713 1670 Mariccus
759 1603 802 1661 ui·

114 1717 209 1783 dam,
227 1731 244 1769 e
260 1706 341 1788 plebe
356 1701 511 1766 boiomm,
522 1695 642 1752 inserere
658 1706 718 1747 sese
771 1703 802 1742 r·

114 1818 218 1866 tunae,
244 1799 271 1851 δι
296 1800 449 1869 provocate
472 1795 552 1837 arma
578 1773 732 1837 Romana,
761 1765 801 1824 si-

118 1879 279 1941 mulatione
310 1867 460 1928 numinum
489 1876 572 1918 ausus
599 1851 649 1911 est.
681 1851 804 1927 Jamque

73 2038 78 2045 ο
120 1978 247 2035 assertor
257 1940 470 2014 Gallim&
486 1943 551 1999 dau
567 1940 692 2006 (nomen
703 1929 732 1990 id
747 1928 804 1988 sibi

120 2042 264 2104 indiderat
285 2042 302 2109 l
324 2028 442 2091 concitis
463 2025 532 2081 odio
556 2016 681 2077 millibus
707 2010 805 2071 bomi-

120 2146 213 2196 num,
239 2118 384 2201 proximos
405 2104 569 2169 AEduorum
590 2118 679 2181 pagos
703 2090 801 2155 trabe·

122 2209 192 2277 bat;
216 2220 304 2286 quum
323 2184 622 2278 gravissima-civitas,
642 2176 732 2237 cleti&
753 2180 804 2253 Ju-

122 2306 261 2354 ventute,
289 2276 406 2354 adjectis
428 2292 446 2330 a
470 2264 591 2326 Vitellio
618 2252 780 2319 cohortibus
793 2300 806 2326 „

124 2372 282 2433 fanaticam
306 2352 517 2419 multimdinem
546 2344 663 2424 disjecit.
694 2339 807 2417 Captus

123 2456 157 2514 in
174 2473 209 2510 eo
226 2445 326 2529 proelio
342 2437 506 2500 Mariccus,
528 2448 560 2487 ac
583 2444 650 2484 mox
672 2420 737 2480 feris
754 2419 808 2476 ob-

123 2538 230 2617 icibus,
242 2530 310 2610 quia
323 2542 383 2581 non
400 2512 577 2577 laniabatur,
596 2502 728 2565 stolidum
746 2498 809 2559 vul-

125 2638 180 2702 gus
205 2604 401 2674 inviolabilem
426 2592 576 2659 credebat,
603 2586 693 2646 donec
722 2602 806 2664 spec·

125 2716 204 2759 tante
224 2688 348 2753 Vitellio
365 2677 526 2742 interfectus
544 2669 593 2729 est.

167 2776 262 2841 LXII.
272 2772 336 2837 Nec
346 2760 420 2827 ultrd
432 2760 464 2839 'm
474 2754 649 2823 desecantes,
666 2766 716 2810 aut
730 2746 811 2805 bona
