2100 3650
209 270 521 391 Hrstonrdnttte
532 320 618 391 er.
633 322 703 391 III.
733 340 797 413 ²15

124 440 230 511 suum,
254 440 344 513 dein,
371 445 489 526 cognito
512 441 658 513 facinore,
677 442 800 521 seipsum

126 520 287 593 interfecit,
317 542 349 582 ut
378 524 496 584 Sisenna
524 541 694 585 memorat:
721 521 803 583 tantb

126 605 217 661 acrior
236 604 310 684 apud
332 610 466 685 majores,
484 606 557 664 sicut
575 603 723 664 virtutibus
761 603 804 663 lo·

127 685 189 754 ria,
212 685 251 743 ita
268 687 382 769 flagitiis
401 686 566 764 poenitentia
584 685 646 745 fnit.
671 682 726 745 Sed
741 624 804 743 bac

127 765 255 845 aliaque,
277 787 310 825 er
325 770 413 827 veteri
435 768 575 826 memoria
598 768 705 847 petita,
725 786 803 846 quo·

128 848 200 904 tiens
220 867 261 906 res
281 848 413 929 locusque
432 849 559 928 exempla
582 848 672 919 resti,
695 865 743 905 aut
759 868 807 907 so·

128 927 198 991 latia
218 929 288 990 mali
308 949 428 1011 poscet,
448 927 523 989 haud
543 927 661 989 absurde
688 948 805 987 memo-

130 1008 263 1069 rabimus.

173 1091 236 1149 LII.
270 1091 419 1163 Antonio,
453 1089 626 1173 ducibusque
656 1092 777 1170 partium
793 1136 806 1162 ‚

127 1173 261 1249 praemitti
277 1174 400 1249 equites,
422 1194 576 1249 omnemque
601 1171 743 1230 Umbriam
762 1194 808 1230 ex·

128 1254 237 1329 plurari
251 1253 379 1332 placuit,
398 1256 425 1313 si
443 1252 496 1331 quit
517 1253 660 1329 Apennini
669 1255 742 1334 juga
759 1254 810 1311 cle·

133 1333 252 1393 nuntiis
271 1337 434 1394 adirentur:
446 1336 531 1393 acciri
541 1335 648 1411 aquilas
659 1335 789 1413 signaque
797 1380 810 1405 ,

136 1412 165 1477 f?
180 1417 310 1493 quidquid
326 1416 360 1476 V
354 1437 440 1474 eronae
452 1416 572 1475 militum
578 1415 653 1494 fhret
670 1415 812 1475 :Patrem-

135 1518 185 1573 que
205 1494 232 1557 θ
256 1519 330 1555 mare
352 1496 542 1558 commeatibus
564 1498 698 1571 compleri.
721 1495 812 1556 Erant

136 1579 210 1637 inter
227 1577 329 1649 duces,
348 1579 398 1659 qui
411 1581 553 1637 necterent
568 1598 661 1637 moras
682 1599 689 1634 :
709 1579 814 1659 quippe

136 1661 242 1719 nimius
254 1662 313 1737 jam
333 1658 493 1729 Antonius,
507 1668 535 1719 δι
549 1661 669 1719 certiora
689 1676 723 1716 ex
737 1658 811 1719 Mu-

137 1743 222 1801 ciano
255 1740 441 1820 sperabantur.
475 1740 610 1821 Namque
635 1738 813 1810 Mucianus,

136 1841 199 1882 tam
217 1822 300 1885 celeri
315 1820 434 1881 victorii
449 1822 564 1893 anxius,
583 1830 632 1891 &,
653 1820 683 1878 ni
700 1841 816 1900 presens

138 1905 209 1963 urbe
226 1904 380 1983 potiretur,
402 1920 543 1981 expertem
567 1922 595 1961 se
616 1901 683 1960 belli
703 1901 817 1984 gloriae-

140 2005 196 2068 que
219 2003 314 2055 ratus,
335 1984 372 2044 ad
391 1984 519 2042 Primum
540 1992 567 2043 &
586 1983 697 2042 Varum
722 1981 817 2045 media

44 2114 50 2122 ,
139 2065 334 2147 scriptitabat,
353 2067 504 2146 Inflandum
524 2065 641 2140 coeptis,
659 2082 708 2124 aut
726 2085 817 2126 narsus

142 2149 286 2208 canendi
309 2148 447 2206 utilitates
471 2145 642 2214 edisserens,
666 2163 750 2227 atque
777 2147 818 2208 ita

143 2232 338 2310 compositus,
361 2248 392 2288 ut
414 2249 448 2288 ex
468 2247 570 2287 everttu
591 2247 681 2288 retum
703 2227 818 2288 adversa

142 2311 296 2381 abnueret,
322 2309 369 2369 vel
393 2329 522 2389 prospera
549 2327 720 2393 agnosceret.
743 2309 816 2369 Plo-

144 2395 216 2468 tium
239 2387 403 2471 Griphunt‚
426 2411 512 2470 nuper
532 2392 568 2450 ab
588 2391 764 2470 Vespasiano
788 2392 819 2450 in

145 2473 315 2531 senatorium
335 2471 464 2531 ordinem
486 2471 634 2541 additum,
657 2491 691 2528 ac
711 2471 820 2554 legioni

145 2554 346 2635 praepositum,
368 2572 528 2633 ceterosque
551 2552 605 2612 sibi
626 2549 714 2622 fidos,
738 2571 819 2632 aper-

145 2634 201 2693 titis
221 2636 340 2695 monuit.
359 2635 440 2716 lique
453 2655 571 2703 omnes,
591 2631 624 2692 de
643 2630 821 2696 festinatione

145 2716 235 2775 Primi
252 2737 285 2775 ac
297 2717 370 2775 Vari
383 2713 509 2786 sinistre,
523 2724 551 2778 δι
567 2713 706 2774 Muciano
724 2715 821 2774 volen-

147 2799 187 2864 tia
200 2800 369 2881 rescripsere.
381 2797 495 2875 Quibus
510 2793 633 2878 epistoiis
644 2795 821 2879 Vespasiano
