2100 3650
242 282 337 400 'ili
371 302 427 376 'C.
456 306 610 375 Corn.
642 305 846 373 TAcrrr

267 428 406 503 inpetunt.
419 426 523 487 Procul
531 425 585 486 hac
595 448 613 485 a
621 424 701 484 nobis
713 426 870 504 arrogantia
880 443 942 484 :ace
1037 447 1038 486 1

268 510 349 583 cipite
365 508 523 567 societatem
537 530 548 565 .·
566 507 752 585 transgredior
764 508 883 574 advos,
895 525 943 563 stu

268 610 310 651 me
332 592 446 659 ducem³
466 610 514 648 stu
535 589 654 647 militem
673 586 816 646 mavultis.
839 586 946 645 Move·

268 670 350 729 batur
358 670 459 751 vulgus
469 714 478 741 ,
490 667 706 749 condebantque
716 666 826 749 gladios
836 688 847 736 ς
857 683 947 747 quum

269 749 457 829 Campanus,
477 772 510 810 ac
536 748 699 819 Juvenalis,
721 767 756 805 ex
776 748 948 832 primoribus

269 828 477 914 Tungrorum,
505 832 662 890 uniuersam
682 830 709 886 ei
732 846 847 911 gentem
868 827 950 887 dedi·

269 910 345 983 dere.
374 911 473 971 Labeo
499 929 652 991 antequam
680 907 952 980 circumveniretiu,

270 990 406 1086 profugit.
422 991 527 1053 Civilis
545 991 671 1051 betasios
684 1007 800 1072 quoque
818 1010 854 1049 ac
871 990 952 1050 Ner·

258 1072 335 1133 'vios
361 1094 392 1135 rn
419 1071 504 1133 fidem
527 1092 675 1153 acceptos,
703 1072 793 1153 copiis
812 1072 873 1131 suis
895 1070 951 1131 ad-

271 1155 364 1234 junxit
382 1177 389 1212 z
407 1156 508 1236 ingens
526 1174 637 1225 rerum,
656 1152 787 1231 percuisis
803 1153 955 1214 civitatum

272 1235 400 1306 animis,
417 1235 464 1296 vel
482 1253 582 1315 sponte
600 1233 811 1294 inclinantibus.

316 1316 461 1377 LXVII.
482 1314 593 1377 Interea
613 1314 703 1375 Julius
722 1314 866 1386 Sabinus,
888 1311 961 1395 pro·⁴

274 1399 354 1477 jedlis
374 1394 486 1457 foederis
509 1396 636 1455 Romani
656 1396 870 1467 monumentis,
899 1399 956 1456 θαι

275 1498 366 1537 sarem
376 1498 405 1537 se
419 1476 533 1539 salutari
542 1478 641 1557 jubet5
652 1496 845 1559 magnamque
860 1484 888 1535 dt
905 1478 955 1537 ἰιιὁ

277 1557 424 1623 conditam
447 1559 623 1638 popularium
638 1558 749 1620 turbam
763 1560 793 1616 io
809 1558 957 1639 Sequanos

278 1641 371 1719 rapit,
395 1640 603 1699 conterminam
631 1640 798 1707 civitatem,
819 1647 847 1698 &
872 1640 958 1698 nobis

279 1718 378 1783 fidam.
407 1720 469 1780 Nec
498 1720 624 1800 Sequani
655 1718 841 1779 denenavere
870 1740 958 1780 certa·

280 1822 358 1868 men.
373 1802 496 1864 Fortuna
508 1800 673 1861 melioribus
685 1798 786 1861 adluit.
800 1801 866 1860 Fnsi
882 1802 956 1861 Lin-

302 1903 380 1944 ones.
409 1883 530 1944 Sabinus
562 1881 723 1943 festinatum
752 1901 858 1942 temere
885 1904 959 1962 proe-

281 1904 376 2036 bum,
399 1967 459 2044 pari
481 1963 635 2023 formidine
651 1963 780 2024 deseruit.
797 1965 897 2044 thue
920 1962 963 2024 fa·

281 2065 364 2106 mam
381 2047 461 2106 exitii
476 2046 518 2104 sui
542 2043 665 2116 faceret,
683 2044 800 2114 villam,
820 2045 852 2103 in
873 2066 960 2125 quam

202 2175 207 2187 .
276 2125 443 2210 perfugerat
460 2164 477 2197 ,-
505 2127 669 2197 cremavir3
708 2126 766 2184 illic
803 2125 961 2186 voluntarii

286 2227 378 2266 morte
400 2208 537 2268 interiisse
556 2205 683 2267 creditus.
702 2206 760 2266 Sed
776 2206 880 2286 quibus
900 2210 963 2267 atti·
1031 2278 1035 2286 ,

287 2285 340 2348 bur
368 2287 537 2368 latebrisque
564 2290 654 2348 vitam
678 2307 726 2368 per
755 2306 860 2347 novem
895 2308 963 2348 mox

288 2389 380 2430 annos
407 2369 580 2438 traduxerit,
611 2369 694 2428 simol
722 2370 880 2428 amicornm
905 2375 964 2448 ejus

287 2447 497 2522 constantiam,
516 2457 545 2510 br
561 2451 671 2532 insigne
691 2449 849 2529 Epponinae
870 2451 962 2512 uxoris

292 2531 472 2612 exemplum,
501 2551 553 2590 suo
577 2531 643 2591 loco
669 2528 824 2590 reddemus.
852 2530 887 2591 Se
908 2553 963 2592 ua·

291 2633 394 2682 norum
414 2610 543 2692 prosperi
569 2613 630 2670 acie
652 2611 719 2671 belli
742 2613 865 2692 impetus
883 2552 964 2675 derit.

292 2692 464 2772 Resipiscere
487 2691 634 2770 paullatim
654 2693 799 2762 civitates,
822 2690 922 2774 fasque
937 2702 966 2754 dt

292 2772 397 2839 foedera
413 2774 568 2856 respicere,
583 2774 755 2854 principibus
773 2773 897 2846 Remi53
918 2777 966 2857 qui
