2100 3650
248 274 290 342 68
360 272 397 342 C.
426 269 571 342 Contu.
604 275 812 342 Tncrrr·

247 393 287 453 ob
307 393 435 453 letitiam
455 394 573 453 recentis
595 394 733 474 imperii,
759 391 938 466 obtulerat,

248 481 276 535 &
302 474 419 554 populus
441 475 572 555 pleraque
589 476 649 534 sine
670 474 758 533 modo
772 468 937 538 festinavit.

248 553 357 618 Cartha
381 557 457 614 inem
480 575 575 614 ceterae
595 558 723 616 civitates
743 575 854 616 secutae.

288 636 342 695 LX
373 633 442 697 VII.
470 637 517 696 Sic
545 635 681 697 dunauis
704 638 875 698 exercitibus
900 645 940 699 a'e

248 720 427 800 provinciis,
455 717 578 778 Vitellio
597 718 715 800 quidem
732 718 769 778 ad
787 740 943 799 capessere.

250 797 317 860 dam
329 797 498 880 principaris
511 795 656 860 fortunam
675 800 753 859 bello
767 821 841 881 opus
863 821 941 862 etat.

250 879 353 953 Otho,
373 883 452 941 utin
474 883 565 941 multa
584 902 673 962 pace,
694 884 793 942 munia
815 885 940 964 imperii
1024 930 1025 933 η

251 963 373 1024 obibat:
393 961 522 1043 quaedam
542 983 575 1022 ex
594 963 732 1046 dignitate
742 964 851 1044 reipub.
866 965 940 1044 ple⁴

222 1100 224 1105 .
249 1062 365 1125 raque,
400 1063 497 1105 contra
526 1042 637 1116 decus,
661 1066 698 1104 ex
726 1047 855 1124 ptaesenti
881 1061 940 1106 usu

250 1123 435 1205 properando.
448 1125 581 1198 Consul,
602 1146 668 1186 cum
682 1125 805 1186 Titiano
823 1125 914 1186 fratre
926 1163 950 1199 ,·.

247 1205 281 1266 'in
298 1204 438 1268 Kalendas
451 1207 573 1268 Martias
591 1210 649 1289 ipse
667 1230 674 1265 :
691 1210 835 1287 proximos
853 1226 939 1269 men-

251 1310 293 1350 ees
304 1291 445 1371 Verginio
457 1285 596 1360 destinat,
620 1309 651 1348 ut
668 1289 786 1370 aliquod
798 1290 940 1350 exercitui

253 1369 428 1431 Germanico
449 1370 691 1431 delinimentum-t
712 1373 841 1454 jungitur
858 1372 941 1431 Ver·
1024 1416 1025 1421 η

254 1452 334 1534 ginio
355 1450 489 1530 Poppaeus
512 1453 677 1532 Vopiscus,
699 1471 833 1532 pretextu
857 1462 940 1514 vete-

252 1535 290 1594 tis
321 1535 452 1592 amicitia
472 1555 481 1604 3
504 1533 629 1614 plerique
648 1533 858 1594 Viennensium
883 1533 941 1594 ho⁴¹

254 1615 318 1674 nori
339 1615 436 1674 datum
456 1615 717 1695 interpretabantur.
741 1615 840 1677 Ceteri
866 1638 941 1677 con-

254 1697 357 1759 sulatus
373 1717 406 1754 er
419 1695 603 1756 destinatione
619 1697 767 1768 Neronis,
790 1716 839 1757 aut
859 1698 939 1758 Gala

254 1776 296 1840 bae
315 1798 440 1840 mansere
454 1777 570 1840 :Coelio
586 1799 618 1839 ac
631 1778 730 1840 Flavio
741 1778 855 1839 Sabinis
869 1827 880 1851 ,
904 1782 939 1842 in

254 1861 343 1925 Julias
353 1886 363 1933 3
383 1861 467 1921 Arrio
487 1861 636 1921 Antonino
649 1869 685 1923 ’δι
701 1861 800 1921 Matio
819 1861 939 1935 Celso,

255 1944 286 2001 in
307 1944 484 2023 Septembres
505 1966 512 2000 ε
532 1964 653 2024 quorum
667 1940 771 2003 honori
788 1963 824 2002 ne
841 1944 941 2004 Vitel-

255 2022 309 2085 lius
329 2022 444 2106 quidem
464 2025 556 2085 vidior
575 2026 736 2085 intercessit.
756 2024 813 2085 Sed
828 2023 941 2099 Otho,

255 2102 434 2185 pontificatus
461 2124 668 2190 auguratusque
698 2104 845 2166 honoratis
873 2112 939 2184 jam

257 2188 399 2259 senibus,
429 2189 573 2247 cumulum
599 2187 762 2271 dignitatis,
784 2186 898 2247 addidit
924 2212 939 2260 3

256 2274 284 2327 &
304 2268 399 2327 recens
417 2269 455 2328 ab
471 2271 571 2329 exsilio
589 2290 712 2329 reversos
733 2269 843 2329 nobiles
863 2269 940 2329 ado-

255 2348 421 2410 lescentulos
433 2385 454 2419 ,-
466 2351 548 2410 avitis
569 2372 604 2411 ac
628 2350 748 2431 paternis
771 2349 941 2412 sacerdotiis

257 2432 287 2493 in
307 2432 438 2491 solatium
454 2433 581 2492 recoluit.
604 2430 741 2491 Redditus
761 2430 859 2491 Cadio
876 2432 942 2492 Ru·

258 2511 318 2583 fo,
343 2513 432 2573 Pedio
454 2513 568 2585 Blaeso,
597 2513 709 2573 Sae'vino
732 2513 868 2573 Pomtino
894 2534 940 2573 se-

257 2596 383 2655 natorius
406 2595 502 2665 locus,
532 2596 582 2675 qui
601 2594 815 2674 repetundamm
842 2595 940 2654 trimi<

198 2728 201 2733 .
257 2676 340 2736 nibus
362 2676 413 2735 sub
432 2674 558 2737 Claudio
574 2698 608 2736 ac
623 2676 739 2737 Nerone
750 2674 938 2736 ceciderant:

258 2758 364 2843 placuit
374 2758 604 2843 ignoscentibus,
617 2778 698 2821 verso
712 2760 846 2831 nomine,
856 2756 939 2839 quod
