2100 3650
190 441 194 446 Ι
245 361 317 441 246
370 354 407 421 C.
436 353 582 421 coiit.
615 352 821 419 TACJTJ,

245 472 374 535 ludibriis
398 473 551 543 eximeret,
576 494 613 531 an
635 470 779 531 tribunum
799 472 926 549 appetie-

244 557 300 627 rit,
316 556 346 613 in
364 555 469 613 incerto
488 552 543 614 fuit
562 576 568 610 :
589 567 684 612 aurem
702 552 808 612 tribuni
827 572 928 631 ampu-

246 638 334 705 tavit,
356 634 499 695 aestatim
521 633 667 695 confossus
686 632 732 693 est.
751 632 924 705 Vitellium,

243 714 352 777 infestis
379 718 561 778 mucronibus
592 718 723 776 cordium
753 714 843 787 modo
870 718 927 775 eri.-

246 819 312 881 gete
341 820 396 870 os,
421 809 449 859 &
484 796 585 858 offerre
616 797 815 867 contumeliis,
848 812 927 858 nunc

245 880 376 939 cadentes
396 878 500 941 statuas
521 901 607 951 suas,
626 880 790 961 plerumque
805 876 929 949 Rostra,

246 979 297 1022 aut
314 960 416 1021 Galbae
430 964 518 1021 occisi
536 962 632 1022 locum
654 963 800 1030 contueri3
821 957 928 1039 postre-

248 1041 300 1103 md
322 1042 359 1102 ad
379 1042 558 1114 Gemonias,
577 1044 627 1103 ubi
645 1065 743 1123 corpus
763 1042 854 1102 Flavii
873 1042 928 1102 Sa-

248 1126 310 1183 bini
337 1128 484 1204 jacuerat,
512 1125 666 1206 propulere.
696 1126 764 1184 Vox
786 1146 841 1184 una
867 1145 928 1184 non

247 1206 394 1290 degeneris
419 1207 509 1267 animi
536 1224 671 1287 excepta,
699 1228 787 1289 quum
812 1203 928 1265 tribuno

245 1289 449 1362 insultanti,se
458 1307 549 1348 tamen
558 1292 746 1363 imperatorem
754 1291 811 1370 ejus
813 1287 931 1366 fuisse,

247 1372 403 1451 respondit.
432 1373 476 1432 Ae
505 1370 607 1437 deinde
634 1368 747 1454 ingestis
768 1367 929 1431 vulneribus

248 1451 386 1514 concidit.
409 1454 448 1514 Et
468 1452 570 1533 vulgus
592 1450 691 1511 eidem
735 1453 852 1511 ravirate
878 1452 927 1510 in-

251 1533 409 1595 sedabatut
434 1532 641 1605 interfectum,
669 1554 727 1615 qua
752 1532 862 1595 foverat
884 1533 932 1593 vi*

249 1634 371 1675 ventem.
699 1639 701 1643 ·
917 1665 920 1670 .

293 1694 462 1758 LXXXVI.
478 1694 562 1755 Patet
576 1694 620 1755 illi
639 1696 674 1755 L.
692 1696 826 1755 Vitellius
845 1716 852 1752 t
872 1714 932 1777 sep·

246 1776 357 1839 timum
372 1787 400 1840 δι
419 1778 689 1861 quinquagesimum
713 1779 801 1838 artatis
821 1798 930 1838 annum

248 1859 383 1940 explebat
407 1883 415 1920 t
446 1859 642 1932 consulatum,
671 1859 845 1930 sacerdotia,
876 1883 932 1920 no-

251 1963 321 2002 men
341 1944 493 2024 locumque
512 1943 585 2002 inter
600 1944 756 2022 primores,
780 1941 858 2001 nulli
881 1941 932 2002 sud

251 2022 415 2096 industrii,
442 2023 495 2084 sed·
522 2027 622 2084 cundia
650 2025 735 2104 patris
765 2023 932 2084 claritudine

201 2104 203 2107 ’
250 2104 379 2185 adeptus
397 2107 588 2185 Principatum
608 2107 634 2164 ei
651 2105 793 2176 detulere,
816 2107 867 2186 qui
886 2108 932 2186 ip·-

222 2207 318 2256 ,sum
341 2210 400 2247 non
421 2205 567 2247 nouerant.
590 2185 688 2246 Studia
713 2185 847 2246 exercitiis
868 2187 932 2248 rard

251 2269 408 2348 cuiquam,
430 2267 513 2327 bonis
530 2268 637 2327 artibus
659 2269 773 2350 quaesita
784 2315 796 2339 ,
817 2269 934 2348 perinde

252 2347 390 2422 adfuere,
406 2349 492 2430 quim
508 2345 575 2408 huic
596 2369 644 2430 per
666 2351 820 2433 ignaviam.
839 2350 934 2410 Inerat

255 2451 353 2492 tamen
372 2432 538 2512 simplicitas
555 2453 588 2491 ac
609 2431 781 2502 liberalitas3
802 2453 882 2512 quae,
901 2434 933 2492 ni

253 2512 330 2573 adsit
349 2513 470 2586 modus,
491 2514 522 2572 in
544 2513 659 2573 exitium
677 2531 828 2573 vertuntur.
848 2514 935 2572 Ami·-

253 2596 354 2666 eitias,
379 2594 448 2654 dum
470 2593 665 2679 magnitudine
686 2615 852 2666 munerum,
873 2617 934 2656 non

252 2673 417 2736 constantia
437 2698 550 2737 morum
581 2678 722 2751 continere
749 2695 848 2756 putat,
872 2697 935 2734 me-

255 2758 313 2817 ruit
337 2760 450 2840 magis,
474 2757 560 2840 quim
581 2755 688 2817 habuit.
713 2757 833 2836 Reipob.
857 2754 935 2817 haud

256 2837 343 2900 dubie
375 2842 526 2914 intererat,
554 2839 705 2901 Vitellium
733 2839 811 2900 vitici
845 2861 852 2897 ε
886 2837 935 2902 ssd
