2100 3650
198 361 712 430 Hrrtonrnran'No'rn.
737 373 792 440 389
848 416 855 427 t

110 475 222 546 proserii.
239 475 309 526 lbant
325 491 376 524 non
394 475 462 540 quasi
479 473 507 522 ad
520 473 640 522 incertum
651 486 777 524 certamen
786 501 797 535 ρ

114 552 161 600 sed
177 562 204 600 ut
221 550 294 599 finem
310 547 449 613 imposituri
460 549 528 596 bello
541 547 588 596 uni
602 545 713 597 vinaria.
726 547 796 598 Gro⁴

114 625 166 672 tius
185 623 289 690 corrigit
306 624 338 670 ad
354 619 525 671 debellandum.
545 621 595 670 Sed
615 621 641 671 δι
659 619 742 671 Liuius
760 635 794 671 eo

114 713 191 750 sensu
211 698 312 746 verbum
331 693 417 743 bellam
433 694 570 758 usurpavit.

152 786 179 820 2.
199 770 257 818 Inde
269 805 276 818 .
288 804 295 817 .
308 802 316 818 .
328 768 448 828 distantes.
464 767 501 819 Ab
522 783 554 818 eo
573 767 694 818 videlicet
714 769 793 825 loco,

114 843 142 894 in
162 847 211 909 q'uo
230 843 309 902 calita¹
323 842 474 903 habuerant,
493 841 584 907 quippe
605 852 659 891 erat
673 842 704 891 ad
720 858 795 908 quat·

113 927 167 968 tum
183 934 196 966 a
214 915 333 964 Bedriaco
349 915 462 979 lapidem.

153 1005 178 1051 3.
200 988 258 1037 Non
277 989 408 1036 admissuro
429 989 609 1052 quominus...
625 989 796 1054 adgrederetur.¹

114 1063 166 1127 Qui
176 1079 328 1129 nequaquam
336 1061 509 1112 commissurus
519 1073 601 1122 esset,
611 1072 638 1110 ut
648 1077 699 1110 non
706 1062 795 1128 adgre-

115 1137 227 1186 deretur.

129 1228 132 1234 ·
151 1209 218 1258 XLt.
235 1223 258 1258 1.
268 1207 446 1257 Accurrentiutn
454 1242 461 1266 ,
474 1206 640 1258 recitantium.
652 1205 795 1256 Actutten·

116 1294 157 1333 tes
173 1280 351 1334 circumsistunt
363 1283 447 1348 signa,
460 1281 598 1330 vocitantes
614 1294 735 1346 quaerunt.
753 1281 795 1330 sic

117 1357 210 1406 editum
223 1371 237 1406 e
249 1355 389 1420 conjeiirtra
401 1353 528 1402 Pichenae:
540 1371 594 1402 narn
606 1355 702 1418 priores
718 1354 796 1415 editi,

117 1443 146 1480 ut
164 1429 189 1480 δι
207 1431 305 1478 codices
321 1445 366 1494 pro
381 1429 551 1486 vanitantium,
568 1428 609 1476 alii
625 1428 795 1488 clamantium,

116 1503 160 1553 alii
178 1503 308 1551 volantium
325 1501 468 1567 praeferunt.
486 1499 596 1565 Ryckius
613 1516 628 1548 e
644 1518 689 1551 suo
708 1500 795 1551 codice

115 1576 185 1627 dedit
196 1577 377 1636 accurrentium,
395 1575 598 1638 volitantiumquc.
609 1575 658 1624 Sed
670 1591 794 1623 accurren-

117 1665 153 1698 tes
171 1649 284 1698 volitasse
303 1658 389 1698 monet
405 1646 431 1697 J.
452 1647 613 1705 Gronovius,
635 1648 675 1713 qui
694 1649 719 1695 ἃ
738 1648 794 1710 ipse

116 1724 256 1787 suspicatur
266 1724 415 1770 morantium.
430 1719 493 1768 lnfrr
511 1737 556 1786 pro
568 1720 607 1768 uel
617 1720 796 1778 sentiebantur,

117 1799 136 1849 F
140 1799 185 1847 lor.
197 1795 285 1847 scribit
296 1809 339 1845 aut
358 1791 530 1852 relabebantur,
545 1793 637 1860 Regius
650 1832 659 1852 ,
677 1810 719 1843 aut
732 1793 796 1844 relt-

118 1885 209 1923 otntun
221 1871 279 1921 lude
292 1869 404 1919 Pitheuae
417 1870 528 1932 placeret
538 1906 545 1926 ‚
557 1883 598 1915 aut
606 1866 778 1921 relabebantur.

155 1943 235 1993 XLll.
252 1958 275 1993 1.
286 1942 416 1993 Nostentts
428 1945 487 1989 [nter
500 1959 540 1998 aa,
557 1944 652 2003 caletis,
662 1944 798 2009 conspicuii

118 2017 215 2086 Regius
235 2016 261 2067 δι
280 2016 397 2067 Budensis
418 2016 527 2065 scribunt
544 2015 626 2074 cereri,
643 2016 690 2065 hoc
701 2032 796 2075 sensu;

118 2092 160 2141 alii
185 2107 212 2140 se
229 2091 336 2139 invicem
357 2090 508 2148 noscebant,
525 2088 586 2146 alii,
604 2089 663 2138 licet
684 2090 797 2141 intense

116 2164 219 2231 ignoti,
237 2164 292 2229 quia
313 2179 365 2212 rem
387 2160 414 2212 in
432 2160 511 2211 oculis
531 2162 638 2211 omnium
659 2165 796 2229 gerebant,

118 2236 152 2287 εὸ
171 2239 313 2303 pugnabant
327 2234 422 2292 acriris,
443 2234 506 2299 quini
523 2235 569 2284 hac
588 2235 668 2303 pugni
686 2237 717 2286 tle
738 2246 796 2287 toto

118 2312 188 2363 bello
206 2310 332 2359 decretum
350 2309 379 2357 iri
392 2308 540 2359 sentiebant.

155 2382 246 2434 XLlil.
261 2398 284 2434 1.
304 2381 579 2431 Unaetuicesitnanorum
592 2383 726 2447 principiis.
743 2380 795 2431 Eos

122 2457 235 2523 intellige
249 2456 290 2521 qui
302 2457 326 2505 in
338 2456 414 2519 prima
425 2453 477 2503 acie
489 2454 596 2516 flabant,
609 2471 671 2519 quos
686 2456 751 2505 Anu.
763 2469 797 2517 4,

123 2548 150 2583 2.
167 2540 240 2580 vocat
256 2532 374 2595 principia
390 2528 515 2595 legionum.

158 2619 184 2653 2.
202 2602 303 2669 Impulit
318 2620 404 2652 rursus.
420 2604 438 2654 i.
453 2617 478 2654 e.
497 2602 619 2660 vicissim,
630 2599 707 2651 versi
722 2600 795 2659 vice.

120 2694 171 2727 non
187 2677 250 2727 vero
266 2677 366 2725 iterum.
786 2689 789 2695 ·

158 2748 251 2799 XLIV.
273 2764 296 2801 t.
310 2748 449 2805 Immensum
460 2750 486 2797 irl
495 2752 606 2814 spatium.
619 2746 744 2814 Respec‘iu
755 2748 795 2797 fu-

122 2822 241 2892 gientium
250 2858 258 2887 ,
278 2806 324 2895 qui
335 2823 481 2892 defatigati,
499 2840 554 2887 pars
575 2824 647 2869 etiarn
663 2822 797 2876 vulnerati.

596 2893 623 2952 R
644 2898 685 2972 trj⁴

858 428 870 451 X
