2100 3650
258 301 328 380 2264
370 293 406 361 C.
436 293 585 368 Gonu.
615 294 808 361 Tacina
833 308 855 317 ··

234 380 444 492 ‚Vespasianil
452 412 608 471 amicitiam
629 456 639 483 ,
670 406 850 490 studiumque
878 430 951 490 par«

254 496 327 553 tium
349 493 513 572 praetnidit3
535 494 627 553 missis
645 492 713 553 sane
734 490 857 551 adeum
880 492 945 552 Pri-

255 578 298 633 mi
314 576 436 633 Antonii
452 575 568 643 litteris,
587 573 688 655 quibus
707 592 829 633 avertere
847 576 943 634 accita

261 656 378 718 Vitellio
398 656 527 725 auxilia,
554 653 580 714 ἃ
609 656 740 713 tumultis
775 654 952 724 Germanici:¹

254 738 359 810 specie,
371 755 503 795 retentare
516 736 637 813 legiones
654 735 810 815 jubebatur.
825 736 941 798 Eadem

254 816 436 877 Hordeonius
473 818 588 877 Flaccus
620 825 736 897 praesens
765 838 948 891 monuerat,-

254 900 392 959 inclinato
412 900 443 957 in
458 900 672 977 'Vespasianum
691 900 812 967 anime,
838 908 867 959 &
886 902 943 960 iei-

254 980 321 1060 pub.
348 978 433 1049 curli,
460 981 505 1039 cui
527 980 669 1041 excidium
693 979 889 1053 adventabat,
914 984 942 1043 si

253 1059 476 1141 redintegratum
496 1062 624 1133 bellum,
645 1070 673 1123 &
696 1081 739 1121 tot
759 1081 947 1123 aimatoxum·

254 1143 346 1202 millia
361 1144 475 1205 Italiam
486 1144 675 1221 inrupissent.

295 1224 379 1283 XIV.
397 1226 487 1307 Igitur
501 1224 621 1293 Civilis,
639 1223 813 1285 desciscendi
828 1244 939 1299 certas,

255 1306 397 1367 occultato
427 1308 539 1365 interim
562 1308 660 1367 altiore
681 1307 823 1375 consilio,
845 1325 940 1368 cetera

255 1406 289 1447 ex
320 1407 420 1449 eventu
451 1387 644 1466 judicaturus,
672 1408 776 1447 novare
806 1408 849 1447 res
879 1385 939 1447 hoc

255 1467 345 1526 modo
372 1470 465 1547 coepit.
496 1470 578 1528 Jussu
606 1470 741 1540 Vitellii,
762 1469 939 1531 Batavorum

254 1552 383 1627 juventus
404 1550 440 1609 ad
462 1550 601 1610 deleuum
624 1551 779 1611 vocabatut
791 1572 801 1621 3
823 1572 912 1632 quem
926 1598 944 1623 ,.

254 1627 349 1710 sulpte
368 1629 466 1691 naturi
489 1652 624 1712 gravem,
642 1632 799 1691 onerabant
815 1631 939 1693 ministri

255 1710 373 1771 avaritia
392 1718 424 1772 a'c
440 1713 527 1784 luxu,
547 1734 624 1773 senes
642 1733 690 1773 aut
707 1712 850 1777 invalidos
868 1736 945 1775 con».

254 1794 414 1875 quirendo,
436 1814 508 1876 quos
536 1796 625 1875 pretio
642 1795 820 1856 ¹dimitterent
844 1818 851 1859 z
873 1817 938 1856 rur-

230 1923 236 1935 .
255 1886 301 1934 sus
318 1877 464 1956 impubes,
484 1875 532 1936 sed
549 1875 642 1936 formi
663 1879 807 1958 conspicui
825 1882 841 1949 -(
853 1887 881 1938 &
897 1877 941 1940 est

255 1957 393 2040 plerisque
417 1979 530 2038 procera
558 1959 710 2038 pueritia)
743 1959 780 2018 ad
809 1956 937 2039 stuprum

203 2112 208 2119 x
255 2037 444 2100 trahebantur.
465 2040 542 2098 Hinc
566 2040 699 2100 invidia:
720 2049 746 2100 δι
765 2045 937 2120 compositae

253 2119 399 2181 seditionis
415 2125 541 2180 auclotes
558 2123 717 2202 perpulere,
743 2141 773 2181 ut
792 2121 940 2183 duellum

252 2203 415 2264 abnuerent.
448 2202 551 2262 Civilis
590 2205 724 2282 primores
757 2205 877 2286 gentis,
907 2213 939 2266 eu

253 2285 476 2365 promptissimos
506 2283 611 2365 vulgi,
640 2287 730 2365 specie
759 2286 935 2364 epularum,

254 2387 364 2430 sacrum
386 2367 416 2424 in
441 2386 540 2424 nemus
562 2386 699 2437 vocatos,
722 2365 771 2425 ubi
792 2369 876 2426 nocie
898 2389 932 2428 ac

254 2447 351 2512 laetitii
372 2448 517 2507 incaluisse
533 2445 628 2518 videt,
644 2471 660 2508 a
682 2447 764 2508 laude
784 2449 936 2530 gloriaque

255 2531 347 2616 gentis
369 2551 468 2599 orsus,
488 2530 602 2607 injurias
620 2539 647 2590 &
667 2549 775 2609 raptus,
798 2539 935 2592 &cetera

255 2613 361 2671 seivitii
378 2612 454 2670 mala
469 2629 620 2670 enumerat.
640 2612 734 2688 Neque
755 2612 828 2670 enim
848 2614 936 2672 socie⁴

255 2709 354 2762 tatem,
372 2711 401 2751 ut
412 2693 499 2762 olim,
517 2695 567 2750 sed
579 2710 715 2770 tamquam
728 2692 867 2767 mancipia
881 2693 935 2752 ba·

254 2772 312 2832 beri
327 2797 338 2832 .·
351 2779 456 2852 quando
471 2775 606 2854 legatum,
623 2777 706 2856 gravi
721 2777 830 2853 quidem
850 2777 937 2834 comi-

854 2874 937 2928 tatu,
