2100 3650
238 321 550 401 Historiarum
565 321 650 390 Lm.
667 321 719 391 11.
748 326 811 392 161

134 439 231 510 dunt,
258 459 535 520 comparanturque3
561 442 646 500 variis
678 441 709 501 in
740 439 815 502 hunc

132 540 187 582 aut
197 521 278 580 illum
289 521 403 581 Vitellii
416 522 655 582 inclinationibus.
671 521 735 582 Nec
750 541 816 582 um·

136 624 228 682 quam
248 604 314 662 satis
331 600 389 662 fida
447 605 556 672 tentia,
577 602 627 660 ubi
649 604 740 662 nimia
765 601 814 664 est.

132 683 230 755 ‚Simul
239 684 332 762 ipsum
343 683 414 742 Vite
437 685 513 754 um,
527 682 624 744 subitis
634 677 750 744 offensis
766 703 816 746 aut

132 761 338 844 intempestivis
359 763 503 824 blanditiis
524 761 717 835 mutabilem,
737 786 812 826 con-

135 845 304 905 temnebant
322 845 549 926 metuebantque.
570 845 633 906 Nec
649 843 685 906 eb
702 845 815 928 segnitia

137 926 301 996 invaserant
326 926 454 997 domos,
475 923 594 996 hortos,
613 947 735 1008 opesque
758 929 816 987 im·

134 1008 208 1086 perii
237 1030 245 1064 :
272 1028 361 1088 quum
388 1007 491 1066 flebilis
514 1015 542 1066 δι
565 1027 650 1090 egens
673 1007 815 1070 nobilium

135 1087 241 1158 turba,
261 1109 332 1168 quos
351 1089 426 1168 ipsos
437 1087 597 1168 liberosque
610 1089 705 1168 patria
718 1087 816 1152 Galba

134 1168 330 1240 reddiderat,
356 1167 434 1228 nulli
462 1171 594 1249 principis
624 1169 816 1230 misericordia

134 1253 306 1328 juvarentur.
331 1249 453 1311 Gratum
478 1247 648 1330 primoribus
673 1250 815 1322 civitatis,

136 1334 227 1391 etiam
255 1331 349 1409 plebes
378 1329 567 1411 approbavit,
596 1326 675 1411 qubd
700 1334 816 1394 reversis

134 1412 176 1472 ab
204 1412 302 1472 exsilio
328 1417 389 1490 jura
417 1411 582 1472 libertorum
605 1413 814 1474 concessisset:

137 1514 314 1575 quamquam
326 1493 356 1553 id
368 1495 449 1554 omni
467 1493 557 1554 modo
574 1493 684 1554 servilia
698 1494 815 1576 ingenia

136 1575 381 1654 corrumpebant,
407 1576 509 1636 abditis
532 1577 656 1655 pecuniis
683 1593 730 1654 ptr
758 1596 814 1632 oc-

136 1655 253 1725 cultos,
275 1675 323 1716 aut
341 1656 506 1717 ambitiosos
525 1659 600 1716 sinus
623 1679 629 1712 ε
650 1663 678 1716 &
696 1653 815 1736 quidam

135 1738 169 1800 in
186 1737 306 1796 domum
323 1735 443 1799 Caesaris
462 1737 643 1820 transgressi,
666 1754 749 1818 atque
771 1738 816 1817 ip·

136 1819 176 1883 sis
198 1817 322 1878 dominis
340 1821 520 1899 potentiores.

179 1900 375 1960 LXXXXIII.
395 1900 452 1961 Sed
471 1899 570 1969 miles,
594 1899 683 1979 plenis
705 1896 815 1971 castris,

136 1980 362 2043 &redundante
384 1982 585 2050 multitudine,
610 1983 640 2039 in
662 1980 814 2061 porticibus

135 2082 188 2122 aut
215 2062 357 2134 delubris,
383 2072 410 2123 dc
441 2064 508 2123 urbe
536 2060 598 2123 torti
622 2082 731 2144 vagus,
753 2084 814 2123 non

135 2145 275 2224 principia
302 2165 434 2215 noscere,
458 2166 519 2204 non
544 2163 649 2202 servare
677 2144 812 2225 vigilias,

135 2245 230 2305 neque
248 2224 342 2284 labore
364 2224 497 2285 firmari:
522 2246 570 2304 per
593 2224 746 2284 inlecebras
766 2246 813 2285 ur-

137 2304 204 2375 bis,
226 2315 253 2365 dt
266 2303 410 2366 inhonesta
428 2306 522 2375 diebu,
537 2325 635 2383 corpus
653 2306 731 2375 otio,
752 2308 814 2365 ani·

136 2406 220 2445 mum
238 2386 404 2446 libidinibus
416 2387 633 2445 imminuebant.
647 2384 791 2444 Postremi)
800 2432 814 2457 ,

138 2488 176 2527 ne
194 2468 289 2527 salutis
307 2467 421 2547 quidem
446 2489 510 2527 cura
531 2491 537 2524 :
560 2465 714 2525 infamibus
731 2467 813 2525 Vati·

137 2550 204 2607 cani
222 2549 294 2607 locis
309 2570 414 2631 magna
433 2569 495 2628 pars
510 2546 646 2616 tetendit3
664 2546 737 2607 unde
753 2568 814 2607 cre⁴

136 2629 195 2688 brae
224 2631 254 2687 in
277 2629 376 2712 vulgus
398 2650 509 2689 mortes.
532 2629 570 2687 Et
589 2626 732 2706 adjacente
757 2628 812 2689 Ti·

136 2711 217 2781 beri,
239 2710 446 2770 Germanorum
463 2710 667 2789 Gallorumque
687 2711 813 2771 obnoxia

136 2792 246 2873 morbis
263 2812 381 2875 corpora
398 2793 523 2853 fluminis
543 2790 675 2864 aviditas,
692 2800 719 2853 δι
736 2789 816 2855 assis
