2100 3650
266 284 334 350 '180
387 281 425 349 C.
454 281 809 370 consumtum

264 400 392 462 nondum
433 406 584 482 conjundlo
623 404 754 463 Moesico
784 404 933 477 exercitu}

250 504 407 562 potuere,
443 504 491 543 aut
524 504 595 543 retro
627 488 717 555 adlae,
743 484 851 545 deserti
874 485 932 546 lta·

263 564 335 636 lid,
366 584 474 645 turpem
507 565 607 649 fugam
639 567 848 627 conscivissent.
883 567 934 627 Sed

249 644 401 717 ‘Caecina,
422 649 581 725 pervarias
604 668 714 717 moras,
737 649 829 727 prima
854 645 937 707 hosti-

264 727 318 785 bus
347 728 471 809 prodidit
500 748 627 808 tempora
651 730 742 799 belli,
768 728 837 788 dum
887 751 936 789 uos

263 810 350 867 armis
378 811 478 889 pellere
508 828 670 890 promptum
696 828 778 881 erat,
814 750 939 889 epildolis

248 890 408 967 increpat,
432 891 523 950 donec
546 903 597 971 per‘
612 892 730 950 nuncios
754 892 835 969 podia
862 890 939 971 perli-

251 969 318 1029 ·diae
333 969 462 1032 firmaret.
480 972 596 1031 Interim
608 972 737 1051 Aponius
751 972 938 1044 Satuminus,

266 1073 330 1111 cum
351 1053 464 1136 legione
482 1054 601 1134 septima
619 1052 780 1113 Claudiana
794 1053 910 1113 advenit
928 1078 936 1111 ι

265 1135 374 1217 legioni
389 1137 518 1194 tribunus
533 1133 685 1215 Vipstanus
698 1134 835 1194 Messalla
853 1156 937 1215 praee-

264 1235 330 1287 rat,
349 1217 428 1277 claris
452 1216 625 1294 majoribus,
651 1217 781 1301 egregius
805 1218 886 1295 ipse,
911 1224 939 1277 δι

251 1299 318 1377 ‘qui
341 1298 419 1357 solus
436 1298 472 1357 ad
491 1298 522 1355 id
538 1298 642 1356 bellum
659 1317 732 1357 artes
749 1297 839 1356 bona's
858 1317 937 1357 attu-

264 1378 349 1437 lisset.
360 1378 422 1437 Has
433 1380 469 1438 ad
483 1381 595 1457 copias,
607 1398 785 1460 nequaquam
797 1379 828 1437 V
831 1380 939 1439 itellia·

249 1461 310 1518 ‘nis
335 1480 418 1538 pares·
443 1462 570 1541 (quippe
602 1478 655 1519 tres
689 1457 780 1519 adhuc
810 1460 940 1543 legiones

262 1546 369 1614 eraut)
394 1542 473 1600 misit
491 1540 620 1621 epistolas
641 1538 780 1611 Cae'cna,
802 1544 942 1601 temerita-

263 1639 319 1680 tem
336 1623 412 1681 vil‘lu
424 1624 687 1681 murmurantium
698 1625 844 1681 incusans:
856 1623 942 1684 simul

264 1704 356 1763 virtus
379 1703 536 1762 Germanici
553 1704 685 1763 exercitiis
697 1703 827 1762 laudibus
848 1704 938 1763 attol-

263 1784 393 1856 rebatur,
407 1785 520 1867 Vitellii
543 1782 673 1857 modici,
694 1794 722 1844 &
734 1786 845 1868 vulgari
857 1806 940 1846 meu-

254 1869 365 1936 tione,
387 1867 464 1926 nulli
477 1870 507 1926 in
523 1868 728 1946 Vespasianum
745 1868 940 1928 contumelias

264 1945 338 2006 nihi-l
354 1969 483 2028 prorsus,
503 1947 580 2028 quod
599 1968 646 2006 aut
662 1968 850 2028 corrumperet
867 1947 939 2009 hos'-

262 2044 323 2100 tem
348 2073 357 2098 ,
387 2049 436 2088 aut
455 2047 573 2088 terreret.
600 2030 796 2088 Flavianarum
816 2032 940 2109 partium

261 2107 374 2180 duces,
404 2109 507 2168 omissis
531 2113 627 2189 prioris
652 2109 770 2178 fortunae
795 2108 941 2172 defensio·

263 2209 318 2260 ne,
337 2211 395 2269 pro
407 2191 585 2270 Vespasiano
605 2189 774 2274 magnilicd,
786 2212 837 2270 pro
857 2215 940 2254 causa

263 2267 399 2342 fidenter,
420 2271 456 2330 de
475 2274 551 2331 exitu
567 2275 669 2341 securi,
687 2275 716 2332 in
735 2273 888 2332 Vitellium
909 2294 941 2334 ut

261 2353 394 2424 inimici,
409 2357 630 2432 'praesumpsere3
649 2353 724 2413 faeti
738 2355 858 2414 tribunis
873 2375 940 2416 ceu-

261 2436 474 2516 turionibusque
492 2437 647 2504 retinendi,
663 2457 718 2511 qua
739 2435 874 2496 Vitellius
887 2441 937 2496 iu·

262 2518 409 2585 duleissct,
422 2537 469 2595 spe
486 2539 495 2571 ε
511 2533 595 2596 atque
612 2518 702 2595 ipsum
720 2515 867 2576 Caecinarn
878 2539 938 2578 nou

262 2594 381 2654 obscure
399 2596 648 2656 adtransitioneni
671 2593 864 2659 hortabantur.
883 2599 941 2658 Re.

260 2675 353 2734 citucae
373 2697 423 2754 pro
447 2678 584 2736 concione
606 2675 726 2757 epistolae
748 2679 879 2739 addidere
904 2679 939 2740 d-

262 2753 374 2818 dociam
387 2802 397 2834 ,
427 2755 520 2844 qudd'
535 2759 669 2823 submissi
696 2758 811 2822 Caecinu
825 2807 835 2837 ‚
863 2762 944 2824 velue
