2100 3650
187 336 501 404 Hrsroamnun
515 330 602 399 Lr‘n.
618 328 687 400 IV.·
719 350 785 421 ²73

111 472 268 533 murosque
280 449 433 513 littnabant
443 472 451 509 t
462 449 593 511 subversa
609 451 702 533 longae
717 449 793 531 pacis

113 554 224 615 opera,
259 530 336 593 haud
369 532 467 611 procul
493 530 586 591 castris
614 533 644 591 in
675 530 794 590 modurn

115 615 268 693 municipii
285 610 442 683 exibunta,
459 632 495 672 ne
518 610 643 671 hostibus
666 613 727 671 usui
746 610 796 670 fo·

112 714 189 755 tent.
216 694 271 755 Sed
298 715 397 773 parum
420 694 585 772 provisum,
606 712 638 753 ut
656 694 744 771 copiae
764 693 795 752 in

115 773 205 837 calba
227 772 446 835 conveherentur
468 796 475 831 z
495 777 557 854 rapi
576 774 730 853 permisere.
751 772 796 833 ltu

114 858 214 936 paucis
228 855 326 918 diebus
338 875 386 935 per
395 854 539 915 licentiam
551 855 795 934 absumpserunt,

140 958 180 997 uae
199 936 331 998 adversus
350 937 526 997 necessitates
548 937 578 995 in
601 936 720 1018 longum
738 934 797 995 suf-

113 959 260 1078 iecissent
278 1015 381 1077 Civilis
397 1013 524 1077 medium
538 1036 641 1098 agmen
662 1036 726 1075 cum
743 1037 795 1075 ro·

120 1098 189 1157 bore
201 1097 372 1161 Batavorum
381 1096 533 1167 obtinens,
544 1116 691 1177 utramque
702 1094 798 1177 Rheni

114 1180 231 1258 ripam,
254 1175 315 1259 qud
338 1179 518 1238 truculentior
538 1180 600 1237 visu
615 1176 706 1245 foret,
728 1178 799 1237 Ger-

119 1280 271 1320 manorum
306 1261 423 1319 &nuruis
457 1259 607 1337 complet,
642 1258 799 1317 adsultante

116 1360 170 1420 *pet
195 1360 311 1421 campos
333 1342 435 1420 equite.
464 1339 557 1399 Simul
578 1359 661 1397 naves
686 1340 716 1397 in
742 1338 798 1398 ud-

121 1441 232 1481 versum
258 1442 373 1482 amnem
399 1421 562 1501 agebantur.
591 1418 669 1479 Hinc
692 1438 802 1480 vetera-

118 1523 224 1561 narum
241 1498 402 1559 cohortium
419 1502 521 1582 signa,
544 1500 609 1561 inde
630 1500 801 1581 depromptae

115 1582 201 1646 ‚silvis
218 1582 341 1661 lucisque
365 1579 487 1642 ferarum
508 1582 670 1664 itnaginet,
687 1600 718 1641 ut
743 1584 801 1642 cui-

117 1681 179 1742 ‘que
200 1664 279 1743 genti
300 1664 370 1721 inire
392 1663 522 1741 proelium
547 1684 610 1725 mos
631 1660 686 1732 est,
712 1661 803 1721 mixti
830 1674 833 1680 '

115 1742 193 1813 ,betti
222 1742 311 1802 civilis
344 1746 505 1825 externique
537 1742 610 1803 facie
635 1739 800 1821 obstupefe-

117 1843 221 1897 cerant
241 1823 371 1889 obsessos
395 1848 402 1881 z
423 1835 549 1904 &spem
576 1844 652 1902 oppu
693 1827 802 1884 antium

115 1904 251 1985 ‚augebat
279 1905 437 1984 amplitudo
466 1907 559 1974 valli,
586 1925 645 1984 quo
695 1904 804 1966 duabus

119 1985 288 2068 legionibus
308 1989 412 2055 situm,
429 1987 478 2046 vir
499 1987 624 2066 quinque
645 1985 735 2044 millia
758 2005 805 2044 ar-

116 2085 271 2127 -tnatorum
288 2066 488 2126 Romanorum
507 2065 664 2126 tuebantur.
692 2064 747 2126 Sed
768 2067 805 2125 li-

120 2168 226 2210 tuorum
240 2147 413 2219 murinco,
435 2145 546 2206 nubatis
565 2167 633 2225 pace
649 2147 717 2227 illuc
729 2167 803 2208 eon-

117 2248 177 2311 .gre
216 2248 269 2296 ta,
284 2237 311 2294 ὅ(
326 2229 402 2288 bello
419 2225 547 2289 ministra
567 2225 672 2288 aderat.

114 2363 121 2370 .
198 2307 280 2378 XIJI.
301 2309 372 2370 Pars
386 2309 537 2385 castrorum
548 2341 562 2379 ,·
582 2310 612 2368 in
633 2310 736 2372 collem
758 2310 804 2368 le-

128 2382 211 2450 niter'
227 2387 409 2471 adsurgens-3
438 2412 500 2469 pars
528 2410 624 2470 atquo
642 2390 771 2450 adibanrr
796 2413 806 2450 t

114 2468 124 2532 s
152 2471 262 2548 uippe,
290 2471 346 2532 illis
365 2467 489 2531 hibernis
504 2469 632 2528 obsideri
658 2473 806 2552 premique

107 2491 323 2621 wiermannus,
347 2548 489 2631 Augustus
511 2549 664 2609 crediderat
688 2571 809 2632 :neque

119 2651 268 2710 ..umquam
283 2627 313 2687 id
327 2632 466 2689 mulorum
476 2677 489 2700 ,
503 2650 535 2688 ut
552 2651 746 2713 oppugnatum
763 2632 810 2695 ul-

132 2729 177 2770 tro
201 2712 328 2794 legiones
352 2709 458 2770 nostras
487 2711 622 2772 venirent.
654 2712 723 2772 Inde
750 2733 810 2774 non

117 2791 223 2866 ,loto,
240 2811 338 2872 -netpre
360 2794 546 2862 munimentis
568 2792 650 2854 labor
672 2793 810 2854 additus:

615 2873 689 2934 Mv
