2100 3650
69 315 224 393 periculum
248 315 351 378 euadit.
380 313 514 376 Vitellius
534 313 640 375 uiribus
665 317 757 378 aulius

73 403 144 459 duos
154 399 288 458 exercitus
297 399 328 456 in
338 398 454 456 Italiam
465 398 563 457 mittit.
584 397 696 456 Vitellii
706 405 758 455 tor'·

68 502 127 555 por
148 483 222 539 inter
238 480 409 538 alacritatem
426 479 554 538 militum.
579 478 760 538 Divoduren·

71 561 150 620 sium
160 563 252 620 cades.
268 559 350 619 Galli
365 560 674 638 Vitelliumsequuntur.
687 559 765 638 Lug·

72 645 210 701 durtenses
232 640 433 700 Viennensibus
452 639 563 699 inimici
571 684 582 712 ,
601 641 707 700 milites
728 641 761 700 in

72 723 295 804 eosflimulant:
310 724 359 780 sed
367 721 412 781 illi
420 722 501 780 donis
507 723 661 795 placantur.
673 721 760 782 Aua·

74 805 146 862 titia
159 799 284 862 &libido
302 802 441 863 Valentis.
458 801 586 862 Helvetii
593 805 652 885 post
666 802 759 884 ingen·

71 903 130 944 tem
149 885 253 943 cladem
270 907 288 942 a
305 885 409 944 Casina
422 883 551 954 illatam,
572 883 690 944 Vitellio
707 885 760 947 uix

74 966 314 1037 reconciliantur;
332 963 363 1024 in
386 965 462 1045 cujus
474 983 569 1039 partes
587 969 760 1044 transgressd

73 1047 169 1105 Italia
181 1065 280 1121 parte,
309 1045 413 1105 Caeina
431 1045 519 1118 Alpes
538 1064 656 1120 superat.
683 1045 760 1106 Otlro

74 1151 107 1186 se
124 1131 272 1201 prudenter
284 1128 375 1205 gerit,
394 1125 492 1186 Mario
517 1128 593 1186 Celso
608 1127 759 1206 ignoscit:

84 1207 254 1288 Tigellinum
270 1209 361 1282 punit.
383 1207 549 1282 Crispinilla
566 1229 625 1266 curn
642 1208 759 1286 infamia

75 1312 129 1348 sua
140 1291 242 1364 parcit.
264 1288 439 1348 conditiones
461 1288 597 1358 Vitellio,
617 1285 702 1348 &hic
712 1291 760 1349 illi

75 1370 165 1448 offert.
186 1370 367 1430 insidiatores
385 1369 477 1428 mutuo
497 1369 658 1430 immittunt.
680 1370 757 1429 Pro·

76 1453 178 1512 vincia
195 1452 331 1529 utriusque
344 1467 560 1526 parteasecuta.
585 1449 661 1510 Otleo
671 1450 757 1526 impe-

76 1551 197 1592 ratorem
211 1534 269 1612 agit
277 1555 289 1606 ,·
307 1532 441 1602 honores,
458 1533 621 1603 ciuitatem,
635 1533 701 1611 jura
716 1535 759 1591 di·

76 1615 199 1692 largitur
218 1617 283 1674 :vde
304 1613 460 1672 celebranda
479 1614 602 1673 Neronis
628 1617 761 1673 memoria

76 1699 178 1774 agitat.
203 1693 337 1754 Sannata
361 1693 521 1754 Rhoxolani
540 1697 682 1755 cadentar.
707 1693 762 1754 Se-

75 1777 149 1837 ditio
164 1778 262 1857 grauis
280 1778 311 1836 in
329 1777 392 1851 ipsa
407 1776 469 1836 urbe
484 1795 580 1837 temere
595 1795 678 1847 orta,
699 1798 760 1836 cum

76 1881 177 1938 magno
195 1878 266 1919 metu
285 1877 363 1936 atque
379 1858 538 1919 discrimine
549 1861 700 1933 primorum
715 1860 759 1916 ci·

76 1942 203 2011 vitatis,
213 1941 336 2015 precibus
353 1937 379 1999 ἃ
395 1940 527 2019 lacrymis
543 1938 666 1998 Othonis
680 1960 759 1997 com·-
785 1997 792 2011 ,

72 2022 217 2097 ponitur:
233 2023 278 2099 qui
295 2022 328 2082 ed
343 2022 499 2091 occasione,
516 2023 620 2080 milites
638 2024 677 2080 ad
691 2043 759 2079 con-

77 2104 201 2162 cordiam
221 2100 248 2162 &
266 2104 418 2183 modestiam
436 2102 569 2173 hortatur.
590 2100 680 2181 Atque
694 2103 761 2163 illis

77 2188 118 2243 ad
127 2206 248 2259 prasens
265 2184 440 2258 compositis,
460 2185 554 2242 omnia
567 2201 657 2242 tamen
669 2184 760 2259 suspi-

78 2267 189 2324 cionum
211 2262 238 2325 fit
250 2266 416 2344 ffirmidinis
432 2266 535 2339 plena,
549 2266 684 2339 pracipuo
696 2288 761 2340 pa—

79 2365 152 2405 trum
167 2365 249 2405 metu.
270 2346 404 2425 Prodigia
427 2345 549 2405 Othonis
565 2348 668 2405 cladem
679 2369 756 2421 pta·

79 2429 230 2507 sagientia.
255 2429 378 2487 Consilia
395 2424 421 2487 θ
440 2430 519 2486 duces
540 2427 663 2487 Otltonis
683 2430 760 2507 :qui

80 2532 140 2569 cum
162 2510 231 2568 aliis
252 2508 387 2567 nobilibus
414 2508 528 2569 Vitellii
535 2509 653 2586 ftatrm
668 2532 759 2569 secum

81 2592 156 2650 ducit
168 2614 189 2650 ,.·
209 2592 277 2649 unde
295 2592 370 2651 uarii
388 2590 540 2649 animorum
558 2608 654 2649 motus.
681 2589 759 2650 Otlto

76 2674 190 2755 festinat
215 2674 253 2733 aa
274 2671 402 2743 bellum,
425 2674 609 2734 commendata
636 2671 758 2745 patribus

568 2751 638 2833 At,-
