2100 3650
223 316 291 385 304
359 298 396 367 C.
425 298 568 368 Corn.
597 301 781 367 TAcrrr

220 414 372 478 Romanum
384 418 512 475 continuo
526 416 654 476 bellorum
667 419 793 479 civilium
809 420 895 487 series

222 490 249 557 ἃ
270 494 473 567 intema'mrle
487 495 648 579 fregissent,
882 543 887 555 .

261 574 333 637 LV.
363 576 438 637 Ante
463 578 558 637 Flacci
581 576 741 638 Hordeonii
766 578 869 639 caedem
881 624 892 652 ,

220 656 293 719 nihil
307 656 463 739 prorupit,
490 680 548 741 quo
572 658 727 739 conjuratio
747 662 892 743 intellige-

218 758 300 802 retur.
337 736 488 799 Interfetto
521 736 718 809 Hordeonio,
749 762 894 801 commee-

219 837 283 880 vere
302 822 398 878 nuncii
419 823 490 879 inter
511 819 637 881 Civilem
657 818 895 902 Classicumque,

194 972 197 978 Ι
240 898 381 960 raefeeium
399 902 448 959 alae
466 900 661 962 Treverorum.
683 903 823 963 Classicus
842 926 895 961 no-

220 920 328 1040 bilitate
343 980 504 1063 ‘opibusque
525 1001 589 1041 ante
609 979 679 1042 alios
697 1006 704 1039 t
724 985 833 1065 regium
853 984 896 1042 ilii

220 1082 326 1144 genus,
344 1071 371 1121 &
392 1082 459 1141 pace
477 1063 553 1121 bello
575 1084 609 1122 ue
628 1064 701 1123 clara
719 1066 811 1145 origo.
831 1064 896 1144 Ipse

220 1162 236 1201 e
259 1144 412 1221 majeribus
435 1143 489 1202 suis
512 1086 599 1204 hoiiis
626 1144 723 1224 populi
744 1144 895 1216 Romani,

221 1221 306 1303 quim
327 1226 436 1294 socius,
453 1225 585 1300 jaciebat.
611 1226 751 1284 Miserere
769 1246 828 1284 sese
848 1227 897 1285 Ju-

221 1303 274 1365 lius
287 1304 395 1375 Tutor,
411 1314 438 1363 &
455 1304 544 1363 Julius
561 1305 698 1375 Sabinus,
717 1303 762 1363 bic
778 1305 897 1377 Treuir,

221 1382 268 1443 hic
287 1386 410 1465 Lingon.
427 1384 519 1445 Tutor
537 1387 603 1466 ripae
622 1384 717 1445 Rheni
736 1408 753 1445 a
773 1388 897 1447 Vitellio

220 1465 363 1545 praefeeius
386 1490 393 1522 ε
415 1466 559 1537 Sabinus,
582 1488 661 1545 super
680 1468 792 1546 insitam
812 1469 897 1527 vani-

222 1564 330 1617 tatem,
349 1546 424 1607 falsae
446 1544 536 1626 stirpis
557 1546 648 1630 glori&
672 1548 899 1620 incendebatur3

217 1630 364 1702 proauiam
375 1650 452 1687 suam
466 1630 531 1689 divo
541 1627 636 1699 Iulio,
646 1652 699 1702 per
710 1630 822 1697 Gallias
834 1630 897 1688 bel-

222 1706 312 1781 lenti,
326 1731 432 1787 corpore
455 1728 532 1785 atque
545 1710 677 1768 adtelterio
690 1711 838 1783 placuisse.
855 1710 901 1770 Hi
928 1780 931 1783 .

224 1792 334 1852 seeretis
378 1788 552 1854 sermonibus
588 1792 699 1850 animos
743 1810 901 1852 ceterorum

223 1875 337 1933 scrutari
366 1897 373 1931 t
400 1871 470 1942 ubi,
493 1892 565 1952 quos
592 1871 710 1932 idoneos
742 1873 901 1944 rebantur,

224 1953 395 2014 conscientib
412 1950 599 2023 obstrinxere,
615 1955 644 2013 in
664 1953 776 2013 colonia
792 1954 902 2036 Agrip-

223 2035 349 2114 pinensi,
369 2037 399 2094 in
413 2035 534 2094 domum
553 2034 691 2114 privatam
705 2036 902 2095 conveniunt:

223 2135 291 2173 nam
323 2113 433 2194 publice
458 2115 556 2180 civitas
584 2114 685 2180 talibus
707 2116 902 2196 inceptisab-

226 2191 366 2253 horrebat.
414 2197 569 2254 Attamen*
594 2195 740 2256 interfuere
781 2195 903 2277 quidam

223 2273 385 2346 Ubiorum,
412 2275 659 2360 Tungrorumque.
693 2275 751 2336 sed
779 2277 905 2356 plurima

225 2357 268 2416 vis
293 2377 375 2436 penes
406 2355 566 2426 Treveros,
591 2379 625 2414 ac
654 2357 807 2440 Lingonas.
835 2358 901 2416 Nec

227 2438 311 2496 tulere
334 2459 427 2500 moras
449 2437 654 2499 consultandi:
680 2441 806 2499 certatim
828 2459 901 2518 pro-

227 2518 369 2592 clamant,
383 2519 476 2598 furere
498 2519 645 2578 discordiis
658 2521 787 2595 populum
799 2518 905 2578 Ruma-

227 2620 309 2670 num,
334 2623 422 2661 tasas,
439 2601 579 2678 legiones,
605 2601 739 2680 vestatum
762 2601 905 2671 Italiam,

227 2681 381 2756 capi'quunz
398 2681 515 2742 maximi
536 2680 642 2750 urbem,
659 2703 750 2742 omnes
767 2681 903 2740 exercitus

226 2763 286 2824 tuit
316 2783 438 2840 quemque
470 2763 549 2823 bellis
582 2763 698 2823 detineri
724 2787 734 2822 :
760 2765 790 2824 si
811 2760 905 2838 Alpes
