2100 3650
225 353 539 422 Hrsrouranum
558 353 643 420 Lm.
659 353 711 423 11.
726 319 808 445 '159

130 471 271 552 donisque
286 469 435 554 fulgentes.
453 471 492 531 Et
514 471 639 531 militum
664 469 783 552 phalera
797 519 810 546 ‚

129 572 303 634 torquesque
327 551 512 632 splendebant
535 575 543 610 r
571 553 671 634 decora
685 552 811 628 ·facies,

130 643 160 696 &
192 655 250 693 non
280 634 403 693 Vitellio
437 634 561 714 principe
597 633 699 718 dignus
734 655 813 694 exer·

131 718 212 775 citus.
244 715 291 775 Sic
326 714 505 794 Capitolium
536 716 700 798 ingressus,
726 735 813 798 atque

129 797 176 855 ibi
195 815 316 855 matrem
342 797 510 878 amplexus,
538 795 670 882 Augustae
695 799 813 858 nornine

130 875 294 938 bonoravit.

175 957 328 1018 Lxxxx.
347 956 461 1018 Postera
479 957 546 1029 die,
570 977 717 1042 tamquam
738 958 814 1040 apud

131 1040 246 1100 alterius
278 1041 400 1099 civitatis
428 1059 555 1100 senarum
590 1040 813 1122 populumque,

132 1119 319 1205 magnificam
328 1123 487 1180 orationem
496 1120 531 1178 de
539 1123 689 1202 semetipso
696 1141 814 1203 promp-

131 1205 204 1273 sit,
236 1200 400 1262 industriam
427 1203 699 1282 temperantiamque
733 1223 812 1264 suam

131 1282 264 1344 laudibus
276 1284 424 1354 attollens3
447 1286 565 1344 consciis
578 1285 750 1384 flagitiorum
771 1286 814 1364 ip-

132 1367 186 1436 sis,
199 1367 250 1446 qui
263 1364 394 1435 aderant,
404 1365 541 1504 omnique
554 1364 652 1435 ltalia,
666 1383 715 1444 per
746 1385 813 1426 uam

132 1467 238 1506 somno
259 1446 374 1506 &luxu
395 1445 487 1525 puden
508 1466 539 1506 us
562 1446 716 1506 incesserat.
726 1385 816 1506 brul-

133 1549 187 1611 gus
201 1547 315 1598 tamen,
332 1547 453 1586 vacuum
467 1529 556 1598 curis,
568 1536 596 1587 dc
609 1529 667 1588 sine
682 1526 747 1588 falsi
760 1549 813 1589 ve-

132 1611 215 1690 rique
236 1609 397 1668 discrimine
417 1609 513 1668 solitas
534 1607 708 1669 adulationes
727 1609 817 1668 edoc-

134 1709 222 1760 tum,
250 1690 373 1749 clamore
401 1698 429 1750 δι
457 1689 576 1749 vocibus
607 1687 780 1770 adstrepebat
807 1713 816 1749 a

133 1772 328 1852 abnuentique
357 1791 464 1831 nomeu
491 1769 609 1853 Augusti
619 1816 645 1869 ,x
666 1789 818 1853 expressere

134 1874 169 1914 ut
191 1872 360 1926 assumeret,
377 1872 437 1914 tam
456 1850 576 1923 frulba,
596 1872 683 1933 quam
702 1860 816 1913 recusa-¹

134 1954 227 1997 verat.

178 2014 347 2076 Lxxxxi.
371 2013 456 2094 Apud
481 2014 625 2074 civitatem
648 2017 748 2076 crmsta
766 2017 816 2077 in-

135 2116 356 2177 terpretantem,
382 2093 483 2155 frenelli
503 2097 609 2156 ominis
630 2096 695 2155 loco
717 2115 818 2179 accep-

136 2198 200 2239 tum
235 2176 294 2249 est,
323 2176 401 2259 qudd
433 2180 590 2237 maximum
620 2176 817 2258 pontificatum

136 2260 256 2341 adeptus
278 2260 431 2330 Vitellius,
457 2257 493 2317 de
512 2260 678 2319 caerlmoniis
698 2260 818 2341 publicis

139 2362 199 2403 xv.
214 2341 278 2400 Kal.
290 2341 365 2423 Aug.
376 2340 519 2410 edixisset,
530 2342 682 2420 antiquitus
695 2338 817 2400 infausto

138 2423 187 2483 die
201 2422 379 2483 Cremerensi
394 2422 567 2502 Alliensique
579 2420 705 2480 cladibus
719 2444 726 2478 ε
743 2422 818 2481 adeo

138 2505 236 2563 omnis
251 2488 369 2579 buinani
385 2501 530 2583 divinique
550 2503 615 2582 juris
629 2522 722 2581 expers
733 2549 744 2573 ,
755 2504 819 2583 pari

138 2586 306 2645 libertorum
329 2584 542 2665 amicorumque
567 2580 715 2655 socordiai,
740 2584 819 2644 velut

139 2670 214 2726 inter
232 2665 402 2726 temulentos
420 2688 436 2723 a
459 2666 531 2724 ebat.
548 2664 603 2726 Sed
619 2665 735 2723 comitia
750 2686 819 2727 con-

139 2749 234 2809 sulum
259 2768 323 2806 cum
343 2746 425 2806 candi
463 2747 497 2805 tis
517 2747 642 2806 civiliter
655 2746 795 2805 celebraris
806 2792 819 2819 ‚

139 2846 259 2892 omnem
271 2826 378 2891 infima
393 2826 481 2910 plebis
491 2846 652 2900 rumorem,
663 2828 693 2887 in
705 2824 817 2887 theatro
