2100 3650
181 338 187 343 ,
218 288 304 351 ’πό
371 281 408 349 C.
437 279 579 347 Canu.
612 275 821 345 TAcrrr·

230 402 342 471 missis,
363 396 512 467 effecerat,
534 414 565 455 ut
586 416 646 455 non
668 415 718 475 pro
741 416 787 477 spe
804 394 912 455 Anto--,

228 484 270 543 nii
282 528 292 553 ‚
306 480 423 541 consilia
433 478 564 557 factaque
579 482 637 557 ejus
647 476 852 537 aestimarentur.

269 562 348 621 LIII.
370 560 462 643 AEgre
484 558 514 619 id
533 560 592 638 pati
615 559 775 628 Antonius,
794 567 822 617 &
846 558 905 617 cul-

228 663 296 726 pam
312 645 342 701 in
361 641 530 701 Mucianum
550 639 689 711 conferre,
705 644 781 719 cujus
801 641 902 699 crimi-

218 724 390 792 nationibus
411 723 569 783 eviluissent
588 722 709 802 pericula
732 742 779 781 sua
806 742 816 777 r
849 741 903 781 nee

229 804 403 867 sermonibus
428 802 626 881 temperabat,
648 802 817 862 immodicus
840 802 901 861 lin·

230 885 304 970 gui,
321 885 491 965 &obsequii
511 884 634 944 insolens
648 886 769 947 :litteras
784 882 820 942 ad
829 883 903 943 Ves-

229 969 377 1049 pasianum
393 967 572 1046 composuit,
595 965 742 1046 jactantius
761 962 846 1047 quim
866 964 904 1025 ad

228 1050 399 1129 principem,
416 1068 467 1108 nec
481 1049 539 1107 sine
556 1047 666 1107 occulta
686 1050 717 1107 in
734 1048 905 1108 Mucianum

229 1132 411 1190 insestatione
437 1152 445 1187 ι
467 1127 505 1187 Se
527 1128 705 1187 Pannonicas
731 1132 850 1208 legiones
873 1132 922 1189 ira·

228 1235 307 1271 arma
322 1214 410 1291 egisse
433 1235 443 1269 .·
457 1211 517 1271 suis
527 1209 647 1290 stimulis
671 1210 775 1269 excitos
794 1211 905 1271 Maesia

229 1295 308 1352 duces
336 1293 419 1353 :sud
448 1292 596 1372 constantii
619 1309 763 1366 perruptas
790 1291 907 1367 Alpes,

229 1392 384 1449 occupatam
396 1374 511 1432 Italiam
520 1418 532 1440 ,
547 1372 694 1445 intersepta
706 1372 907 1433 Germanorum

230 1453 417 1531 Roetorumpue
438 1455 554 1513 auxilia.
581 1454 665 1535 Quod
688 1454 828 1516 discordes
852 1458 908 1515 dis·

224 1557 371 1612 persasque
387 1535 500 1593 Vitellii
509 1534 628 1613 legiones
643 1537 754 1617 equestri
766 1538 906 1611 procelld‚

230 1640 294 1675 mox
309 1617 432 1691 peditum
450 1616 483 1676 ui
489 1660 500 1688 ,
518 1637 571 1688 per
586 1618 658 1677 diem
676 1623 826 1697 nollentque
835 1664 844 1689 ‚
853 1620 907 1697 fu·

229 1698 336 1767 disset,
352 1699 384 1756 id
393 1695 624 1771 pulcherrimum,
645 1694 672 1757 δ’
685 1701 730 1759 sui
743 1702 840 1773 operis.
858 1704 907 1761 Ca·

229 1801 291 1842 sum
317 1782 447 1840 Crenrana
470 1777 539 1839 bello
564 1781 781 1854 imputandum:
804 1782 907 1864 majore

230 1865 330 1922 damno
339 1906 351 1932 ,
367 1862 490 1935 plurium
509 1860 614 1922 urbium
641 1864 780 1934 excidiis,
802 1882 907 1927 veteres

231 1944 335 2005 ciuium
346 1944 499 2003 discordias
512 1942 662 2016 reipublicae
662 1945 780 2023 stetisse.
795 1946 862 2004 Non
876 1967 907 2005 se

231 2025 363 2094 nunciis,
386 2047 467 2100 neque
481 2025 621 2102 epistolis,
638 2027 688 2082 sed
706 2045 786 2084 manre
811 2023 838 2082 C?
857 2047 905 2082 ar-

230 2106 285 2162 mis
297 2105 457 2178 imperatori
469 2125 519 2162 sao
533 2104 653 2161 militare
672 2127 682 2160 .·
703 2125 785 2179 neque
804 2103 905 2181 officere

228 2186 323 2269 gloria
343 2205 451 2254 eorum,
473 2185 520 2260 qui
541 2182 644 2242 Asiam
665 2185 776 2242 interim
796 2205 908 2258 eomposs

229 2265 364 2326 suerint:
381 2265 442 2326 illis
462 2263 572 2325 Maesia
579 2286 674 2339 pacem
683 2309 693 2338 ,
712 2264 769 2324 sibi
789 2265 906 2327 salutem

231 2347 450 2424 securitatemque
459 2347 568 2420 Italia,
583 2347 658 2408 cardi
662 2347 765 2424 fuisse.
777 2345 845 2406 Suis
855 2369 905 2406 ex-

231 2427 432 2488 hortationibus
456 2427 570 2488 Gallias
592 2427 808 2505 Hipaniaspue,
829 2429 907 2488 vali-

232 2512 377 2571 dissimam
384 2529 515 2569 terrarum
522 2527 646 2585 partem,
656 2513 695 2569 ad
705 2510 907 2584 Vespasianum

232 2592 389 2656 conuersas.
408 2589 466 2653 Sed
474 2592 604 2653 cecidisse
613 2593 644 2650 in
655 2591 770 2650 inritum
780 2591 885 2651 labores
895 2634 905 2663 ,

232 2673 260 2738 si
282 2673 401 2744 ⁸praemia
424 2674 605 2746 periculorum
630 2674 686 2732 soli
706 2673 906 2749 adsequantur,

233 2753 280 2832 qui
293 2754 423 2830 perieulis
443 2776 499 2816 aaa
519 2755 665 2835 adfuerint.
696 2753 758 2816 Nec
784 2751 906 2814 fefellere

519 2849 526 2856 ·
876 2855 909 2895 ea
