2100 3650
217 308 534 376 'Hrsromnnusr
548 304 634 373 Lan:
654 303 699 399 V.
729 299 793 394 3'45

118 428 222 509 titique
252 426 340 488 nandi
368 426 480 507 perinde
508 425 681 485 attolluntur.
709 424 800 485 Certo

119 512 188 573 anni
206 509 336 570 bitumen
356 511 444 591 egerit
450 531 460 579 3
479 512 555 586 cujus
570 506 684 589 legendi
700 527 799 579 usum,

120 610 152 650 ut
174 610 277 651 ceteras
295 610 388 660 artes,
409 590 578 669 experientia
600 588 706 649 docuit.
728 589 798 648 Ater

119 669 216 751 suipte
229 670 326 731 natura
337 672 452 751 liquor,
467 678 494 730 &
515 690 611 749 sparso
625 689 706 730 aceto
724 692 798 730 con-

120 773 240 822 cretus,
267 754 378 811 innatat
409 774 415 808 :
442 748 516 811 hunc
546 772 634 811 manu
661 769 799 829 captum,

119 834 222 914 quibus
240 854 272 892 ea
297 854 380 904 cura,
399 833 430 891 in
448 852 559 893 summa
578 833 658 893 navis
675 830 800 893 trabunt.

119 913 211 986 Inde,
236 914 315 974 nullo
335 918 468 992 juvante,
486 914 598 984 influit,
622 931 801 995 oneratque,

120 995 211 1055 donec
232 994 403 1056 abscindas:
420 1015 472 1055 nec
489 995 651 1055 abscindere
669 1015 720 1054 aere
739 994 798 1055 fer-

117 1096 187 1137 rove
209 1078 296 1157 possis
324 1099 331 1134 :
358 1076 433 1159 fugit
459 1096 609 1149 cruorem,
632 1074 800 1157 vestemque

116 1157 255 1219 infediam
269 1160 421 1241 sanguine,
441 1178 499 1239 quo
520 1157 632 1217 ferninae
649 1178 801 1238 permen-

118 1260 162 1300 ses
180 1240 357 1299 exsolvuntur
376 1262 383 1297 :
401 1240 440 1297 sic
457 1259 563 1300 veteres
585 1242 718 1299 audiores.
741 1238 800 1299 Sed

117 1323 202 1403 gnati
218 1322 346 1381 locorum
369 1318 498 1391 tradunt,
523 1320 659 1381 undantes
675 1321 803 1379 bitumi-

118 1423 155 1463 ne
170 1402 260 1463 moies
276 1403 362 1482 pelli,
382 1421 525 1483 manuque
546 1398 621 1462 trahi
640 1401 676 1462 ad
691 1402 796 1462 littus:

120 1504 211 1555 mox,
234 1482 284 1543 ubi
308 1504 411 1563 vapore
431 1502 525 1555 terrae,
546 1487 577 1545 vi
595 1484 661 1544 solis
681 1485 797 1543 inarue-

119 1566 196 1637 rint,
221 1566 360 1625 securibus
383 1566 552 1647 cuneisque,
579 1586 611 1627 ut
634 1566 727 1625 trabes
749 1584 800 1625 aut

120 1666 211 1718 saxa,
235 1646 363 1707 discindi.

161 1728 231 1788 VII.
257 1726 344 1787 Haud
371 1730 467 1808 procul
491 1727 558 1787 inde
582 1730 801 1809 campi‚4quos

116 1808 215 1874 :ferunt
242 1810 312 1870 olim
341 1809 456 1882 uberes,
486 1810 653 1893 magnisque
683 1808 802 1870 urbibus

121 1887 284 1962 habitatos,
300 1891 453 1951 fulminum
469 1894 545 1970 jactu
557 1893 652 1952 arsisse
669 1915 677 1948 :
694 1900 723 1952 δι
739 1911 800 1950 ma·

120 1991 186 2032 nere
213 1971 331 2056 vestigia
343 1995 353 2043 3
381 1991 539 2053 terramque
565 1973 678 2051 ipsam,
708 1973 802 2052 specie

121 2053 274 2124 torridam,
290 2056 350 2114 vim
367 2051 534 2136 frugiferam
546 2052 705 2139 perdidisse.
718 2053 800 2113 Nam

121 2137 220 2196 cundia
238 2156 336 2214 sponte
354 2135 516 2217 edita,'aut
537 2137 624 2194 maim
642 2154 701 2196 sata
711 2179 721 2206 ,
738 2137 798 2196 sive

119 2213 206 2276 herba
230 2235 308 2276 tenus
328 2235 375 2278 aut
389 2218 477 2287 flore,
499 2237 547 2276 seu
565 2217 678 2277 solitam
694 2219 724 2276 in
738 2238 799 2297 spe-

119 2300 193 2358 ciem
217 2298 383 2368 adolevere,
408 2317 467 2358 atra
494 2307 522 2358 &
545 2300 641 2358 inania
666 2294 800 2358 velutin

119 2382 241 2440 cinerem
279 2398 440 2440 vanescunt.
479 2379 546 2462 Ego
579 2381 650 2440 sicut
684 2379 799 2440 inclitas

116 2460 266 2542 quondam
280 2460 359 2520 urbes
378 2461 444 2542 igne
461 2458 565 2520 coelesti
582 2462 712 2542 flagrasse
726 2481 799 2520 cou-

115 2543 269 2613 sesserim,
295 2543 334 2602 ita
362 2538 451 2601 halitu
477 2536 554 2601 lactis
574 2539 651 2600 infici
671 2561 795 2614 terram,

119 2625 261 2702 corrumpi
279 2622 451 2702 superfusum
472 2623 617 2700 spiritum,
633 2621 724 2703 ebque
740 2623 799 2683 foe-

118 2723 161 2764 tus
187 2722 314 2786 segetum
338 2705 514 2763 &autumni
538 2722 690 2783 putrescere
713 2727 801 2776 reor,

117 2785 180 2845 solo
200 2785 328 2866 coeloque
344 2781 422 2863 juxti
441 2785 529 2867 gravi.
545 2784 584 2844 Et
602 2785 684 2844 Belus
705 2787 798 2848 amum

614 2865 675 2926 Pv
