2100 3650
242 312 285 378 30
346 291 383 358 C.
412 288 559 360 Contu.
591 291 776 358 Tucim

239 431 363 486 umquam
373 411 532 484 imperium,
536 410 649 489 flagitio
660 411 816 487 quesitum,
830 410 914 473 bonis

238 491 343 549 artibus
356 493 483 550 exercuit.
508 490 627 550 Galbam
646 514 792 551 consensus
803 497 914 570 generis

218 627 220 633 .
237 571 350 640 humani
359 617 371 640 ,
389 595 431 630 me
448 571 561 642 Galba,
577 573 805 632 consentientibus
815 573 914 645 vobis,

242 656 372 713 Cnsarem
390 651 476 718 dixit.
501 651 537 711 Si
557 653 659 727 respub.
683 651 710 713 it
729 672 861 724 senatus,
885 654 914 714 θ

231 735 351 810 populus
366 779 376 802 ,
393 757 469 794 uana
483 735 595 792 nomina
613 752 678 792 sunt
691 758 702 792 .·
712 735 820 816 vestri,
838 757 913 794 corn-

238 816 378 874 militones
387 861 399 885 ,
417 818 523 896 interest
531 861 543 884 ,
556 839 589 874 ne
600 807 787 888 imperatbrem
794 817 917 890 pessimi

231 897 353 974 finiant.
380 897 529 974 legionum
547 896 647 956 seditio
665 899 810 956 adversum
833 901 915 960 duces

239 999 303 1036 suos
324 979 419 1036 audita
435 979 470 1057 est
486 979 634 1054 aliquando
651 1001 662 1035 .·
684 979 772 1059 vestro
778 979 851 1056 fides
860 979 915 1057 fa·

240 1081 332 1135 maque
350 1105 362 1130 ,
382 1060 479 1118 inlesa
501 1061 538 1116 ad
555 1058 626 1116 hunc
646 1060 717 1118 diem
737 1061 865 1118 mansit:
885 1057 916 1120 bt

240 1139 317 1200 Nero
337 1161 436 1216 quoque
453 1162 504 1202 vos
525 1140 666 1220 destituit,
686 1161 741 1198 non
754 1162 806 1202 vos
821 1141 916 1200 Nero·

240 1243 311 1280 nem.
334 1220 436 1280 Minius
460 1222 576 1300 triginta
588 1221 756 1298 transfitga,
775 1218 801 1280 ἃ
823 1225 916 1281 deser-

240 1320 331 1372 tores,
342 1325 407 1380 quos
420 1303 620 1371 centurionem,
634 1320 683 1359 aut
695 1302 848 1372 tribunum,
859 1303 918 1362 sibi

239 1385 369 1461 eligentes
379 1406 456 1443 nemo
459 1384 561 1461 ferret,
571 1384 712 1456 imperium
719 1383 917 1462 assignabunt?

241 1463 402 1524 Admittitis
423 1467 598 1539 exemplum?
624 1461 826 1540 &quiescendo
846 1487 921 1523 com·

243 1569 320 1606 mune
336 1549 435 1605 crimen
449 1547 579 1623 facitis?
604 1545 786 1605 Transcendet
803 1545 859 1604 bac
877 1547 919 1604 li-

242 1629 332 1686 centia
347 1630 377 1686 in
387 1628 549 1701 provincius
577 1650 588 1684 e
612 1623 639 1686 ἃ
662 1628 700 1685 ad
719 1649 769 1686 nos
788 1629 920 1686 scelerum

242 1711 359 1779 exitus,
377 1708 506 1768 bellorum
527 1711 565 1767 ud
582 1707 830 1780 vospeninebunt.
856 1708 920 1768 Nec

242 1791 278 1869 efl
286 1791 367 1866 plus,
378 1793 448 1868 quod
450 1812 502 1866 pro
515 1792 582 1851 cede
589 1790 743 1864 principis,
756 1786 835 1867 quim
848 1791 924 1867 quod
928 1844 932 1852 .

243 1874 429 1933 innocentibus
445 1876 527 1933 datur
539 1896 550 1930 .·
565 1873 615 1931 sed
623 1872 734 1945 perinde
744 1893 762 1928 a
774 1872 852 1930 nobis
862 1875 918 1931 do-

244 1954 371 2015 nativum
388 1956 420 2013 ob
425 1956 530 2033 fidem,
549 1951 629 2030 quiem
647 1952 682 2009 ab
699 1952 766 2011 aliis
777 1952 919 2031 profati·

243 2057 308 2094 nore
327 2036 476 2109 accipietis.

240 2166 243 2171 .
286 2114 397 2174 XXXI.
421 2115 489 2175 Dila
510 2114 546 2172 sis
566 2110 809 2193 speculatoribus,
829 2130 922 2175 cetera

245 2193 348 2257 cohors
368 2216 427 2255 non
448 2134 613 2275 adbitetnata
628 2196 865 2265 concionantem,
888 2215 923 2255 ut

247 2276 365 2339 turbidis
395 2277 476 2337 rebus
503 2278 613 2353 evenit,
643 2273 716 2335 forti
748 2279 868 2360 magis,
891 2285 924 2336 δι

245 2357 384 2418 nonnullo
411 2354 502 2417 adhuc
528 2358 677 2427 consilio,
706 2376 785 2437 parat
812 2359 921 2439 signa,

248 2439 327 2519 quod
346 2436 440 2518 postea
460 2437 596 2499 creditum
616 2436 680 2509 Geli,
698 2437 808 2499 insidiis
830 2446 858 2498 &
876 2440 921 2497 si·

248 2521 414 2583 titulatione.
439 2521 545 2581 Missus
568 2529 597 2581 δι
626 2517 726 2581 Celsus
750 2520 860 2581 Marius
884 2518 923 2579 ad

249 2602 351 2662 eleetos
362 2602 467 2684 Illytici
481 2599 613 2662 exercitiis
629 2648 639 2671 ,
659 2598 798 2681 Vipsania
812 2602 842 2659 in
855 2620 925 2678 por·

250 2686 308 2742 ticu
318 2683 469 2744 tendentes.
481 2684 651 2765 Praeceptum
664 2683 781 2742 Amulio
797 2681 924 2751 Sereno,

249 2772 277 2829 δι
301 2764 432 2827 Domitio
457 2764 594 2838 Sabino,
620 2763 863 2847 primipilaribus,
892 2781 924 2822 ut
