2100 3650
224 290 292 371 356
345 282 791 351 C.Cu1tu.TAc1rr

221 401 408 461 Treverorum
437 419 601 475 senatores3
626 401 658 459 in
679 402 743 481 quis
763 398 819 459 fuit
839 392 897 460 Al*

220 485 301 565 pinus
325 484 502 553 Montanus,
526 498 610 563 quern
633 504 650 541 a
676 481 775 539 Primo
797 482 897 539 Anna

220 565 270 623 nio
292 565 407 623 missum
427 565 457 621 in
477 563 588 622 Gallias
605 560 726 643 superius
747 565 898 621 'memorad

220 644 321 703 vimus.
341 643 542 705 comitabatur
565 660 630 702 eum
657 642 741 702 frater
759 642 798 701 D.
816 643 899 721 Alpi·

222 746 282 783 nus.
313 724 403 784 Simul
433 727 516 783 ceteri
541 725 719 785 miseratione
750 744 785 782 ac
816 722 915 783 donis-

220 804 323 865 auxilia
336 806 504 889 concibant,
518 807 591 865 inter·
602 823 699 889 gentes
709 804 900 885 periculorum

219 886 325 946 avidas
773 955 776 960 .

260 962 337 1027 XX.
361 960 547 1049 Tantumque
578 967 647 1027 belli
677 965 836 1047 superfuit,
867 983 902 1027 ut

185 1084 186 1087 =
218 1046 346 1127 praesidiu
370 1046 553 1119 cohortium,
573 1050 701 1118 alarum,
725 1047 900 1130 legionum,

220 1127 276 1187 uni
302 1128 347 1188 die
373 1128 476 1189 Civilis
503 1127 707 1211 quadripartiti>
731 1130 865 1188 invaserit
891 1152 900 1186 ι

220 1208 361 1269 decimam
388 1211 531 1293 legionem
561 1210 711 1279 Arenaci3
742 1211 900 1270 secundam

221 1289 411 1361 Batavoduri3
427 1300 454 1350 &
470 1292 610 1364 Grinnes,
630 1290 825 1371 Vadamque,
850 1312 902 1350 co-

221 1367 345 1431 hortium
365 1373 528 1453 alarumque
546 1371 631 1432 castra
650 1374 716 1431 :ita
736 1370 833 1432 divisis
848 1394 903 1432 σοι

220 1453 293 1531 piis,
315 1472 346 1511 ut
365 1454 423 1531 ipse
430 1482 442 1523 ,·
468 1462 495 1513 &
514 1452 741 1524 Vera1,sorore
763 1458 822 1532 ejus
847 1474 903 1536 ge·

203 1534 315 1603 nitus,
332 1533 549 1616 Classicusque,
566 1556 599 1593 ac
617 1533 710 1594 Tutor
725 1554 804 1593 suam
824 1536 903 1614 quis-

221 1634 275 1691 que
288 1634 405 1676 manum
418 1612 574 1675 traherent:
591 1636 642 1675 nec
655 1618 754 1675 omnia
767 1616 902 1693 patrandi

221 1692 343 1767 fiducia,
366 1695 433 1767 sed,
455 1697 542 1755 multa
560 1700 638 1769 ausis
655 1698 749 1774 aliqua
770 1698 800 1754 in
815 1714 901 1769 parre

213 1776 357 1854 fortunam
368 1778 459 1856 affore,
473 1776 569 1836 Simul
580 1774 711 1838 Cerialem
726 1799 808 1854 neque
823 1779 901 1838 satis

222 1877 350 1930 cautum,
380 1858 427 1930 ἃ,
448 1859 575 1932 pluribus
600 1861 730 1930 nunciis,
750 1859 802 1917 duc
830 1860 902 1918 illuc

222 1959 397 2011 cursantem,
417 1963 498 2014 posse
518 1938 606 1999 medio
626 1935 762 2013 intercipi.
782 1939 900 2016 Quibus

221 2017 395 2080 obvenerunt
418 2019 504 2080 castra
530 2020 770 2092 decumanorum,
799 2040 899 2100 oppu-

223 2101 388 2180 gnationem
406 2102 529 2184 legionis
542 2103 657 2162 arduam
670 2103 741 2173 tati,
756 2121 899 2184 egressum

222 2180 363 2252 militem,
384 2192 411 2242 &
432 2183 568 2242 caedendis
590 2185 712 2242 materiis
732 2201 908 2262 operatum,

210 2261 381 2334 turbavere,
404 2266 498 2322 occiso
523 2263 653 2344 prafecio
676 2261 848 2334 castrorum,
869 2273 900 2324 δι

222 2343 347 2424 quinque
366 2345 533 2422 primoribus
550 2346 762 2414 centurionum,
781 2346 898 2424 paucis-

223 2443 277 2560 que
306 2426 451 2486 militibus.
474 2425 572 2487 Ceteri
594 2447 623 2485 se
644 2427 829 2484 munimentis
846 2425 901 2484 de-

237 2503 344 2566 enddre.
365 2507 403 2566 Et
428 2509 541 2566 interim
567 2508 774 2569 Germanorum
797 2527 899 2567 manus

223 2582 393 2646 Batavoduri
421 2609 548 2666 rumpere
582 2586 748 2649 inchoatum
780 2607 899 2668 pontem

220 2665 390 2758 nitebantur.
412 2668 590 2754 Ambiguum
615 2671 745 2752 proeiium
768 2676 827 2730 uo'x
853 2667 900 2730 di-

221 2763 312 2808 remit.
