2100 3650
240 307 310 354 210
378 284 416 354 C.
445 285 589 356 Corn.
619 283 802 355 TAchr

239 409 347 466 crimen
364 404 616 468 Cartismanduam
636 403 762 465 adduxit.
774 397 853 464 Tum
866 417 918 486 pe*

239 489 292 548 tita
305 510 322 548 a
334 487 474 548 Romanis
491 485 619 567 praesidia
636 509 643 542 t
661 495 688 546 δι
707 482 837 546 cohortes
848 487 917 548 alre·

240 589 295 650 que
317 565 436 640 nostrae,
461 569 546 628 variis
568 567 693 647 proeliis‚
718 587 844 626 exemere
865 587 916 628 ta·-

239 670 307 709 men
320 651 444 730 periculo
459 651 588 730 reginam
608 671 615 706 :
635 669 754 731 reguum
767 647 916 727 venusio,

238 724 347 791 bellum
365 730 448 792 nobis
466 731 604 792 relietum.

280 811 391 873 XLVI.
412 805 540 872 Turbata
558 831 609 911 pet
632 809 746 872 eosdem
764 811 824 874 dies
842 811 918 894 Gpr·

240 895 339 955 mania
358 937 369 965 ,
391 902 421 954 dt
443 891 573 953 socordia
593 891 720 962 ducum,
736 901 764 952 δι
777 893 917 956 seditione

240 973 396 1057 legionum.
427 973 551 1035 Externd
578 975 632 1047 vi,
657 971 774 1054 perfidirl
793 977 917 1050 sociali,

240 1056 328 1136 prope
345 1055 459 1116 adflicta
477 1055 611 1116 Romana
621 1073 672 1115 res.
685 1053 718 1114 Id
731 1054 837 1116 bellum
851 1077 918 1120 cum

164 1197 166 1200 Α
241 1139 333 1198 causis
354 1136 545 1198 &eventibus
565 1137 693 1209 (etenim
715 1135 829 1221 longius
852 1159 920 1218 pro·

240 1222 353 1280 vedum
372 1217 435 1295 est)
450 1240 521 1278 mox
540 1217 774 1278 memorabimus.
794 1219 919 1282 Mota&

241 1298 388 1362 Dacorum
404 1320 490 1383 gens,
505 1320 664 1382 numquam
677 1297 755 1370 fida,
777 1317 844 1362 tunc
858 1303 920 1368 sine

241 1401 346 1455 metu,
379 1381 503 1442 abdudo
529 1403 546 1442 e
575 1382 681 1442 Moesia
708 1383 837 1442 exercitu.
862 1383 919 1444 Sed

241 1464 334 1544 prima
359 1484 452 1524 rerum
479 1465 569 1544 quieti
594 1461 808 1545 speculabantur
833 1485 841 1522 r
867 1464 920 1526 ubi

242 1545 360 1626 flagrare
384 1540 499 1606 ltaliam
532 1544 608 1605 bello
628 1583 640 1614 ,
672 1543 774 1606 cuneta
795 1545 921 1608 invicem

242 1622 375 1697 hostilia,
396 1646 551 1706 accepere3
575 1627 740 1709 expugnatis
758 1621 921 1690 cohortium

242 1707 406 1791 alarumque
422 1705 565 1779 hibernis,
585 1705 701 1789 utrique
714 1707 844 1771 Danubii
858 1708 922 1791 ripis

242 1789 431 1874 potiebantur.
454 1786 575 1874 Jamque
598 1785 684 1853 castra
702 1789 850 1875 legionum
869 1812 920 1855 ex·

240 1870 368 1935 scindere
392 1872 552 1955 parabant,
578 1870 610 1933 ni
635 1872 788 1935 Mucianus
811 1894 921 1939 sertam

242 1956 389 2040 legionem
413 1957 609 2037 opposuisset,
634 1953 838 2016 Cremonensis
858 1958 921 2018 ric·

242 2039 320 2099 toriae
338 2055 440 2120 gnarus
449 2080 461 2107 ,
482 2058 516 2097 ac
534 2056 569 2095 rre
588 2055 702 2097 externa
718 2037 809 2097 moles
819 2040 919 2099 utrim-

241 2138 299 2199 que
311 2120 470 2200 ingrueret,
488 2120 513 2178 si
531 2116 628 2179 Dacus
644 2116 859 2202 Germanusque
876 2119 923 2181 di-

194 2224 197 2229 ·
243 2201 317 2258 versi
341 2200 516 2278 inrupissent.
538 2197 668 2271 Adfuit,
688 2218 719 2261 ut
738 2220 809 2280 saepe
832 2199 922 2275 aliis,

187 2303 191 2309 ·
245 2279 359 2341 fortuna
379 2279 477 2361 populi
496 2280 646 2354 Romani,
666 2302 728 2362 quae
750 2282 921 2343 Mucianum

243 2364 371 2444 viresque
407 2362 523 2423 orientis
553 2362 619 2423 illuc
655 2363 750 2434 tulit3
783 2373 810 2423 δι
842 2363 923 2445 qubd

247 2443 399 2505 Cremonae
429 2444 542 2503 interim
565 2446 761 2527 transegimus.
786 2444 923 2507 Fonteius

242 2525 372 2608 Agrippa
398 2545 433 2583 ex
458 2526 528 2585 Asia
553 2526 747 2605 (proconsule
769 2546 833 2585 eam
859 2547 925 2607 pro-

244 2607 369 2665 vinciam
386 2627 484 2667 annuo
497 2608 617 2685 imperio
635 2614 789 2682 tenuerat)
809 2607 924 2669 Moesiae

245 2689 405 2766 prepositus
423 2685 462 2747 est
479 2710 486 2745 r
505 2686 607 2748 additis
628 2690 718 2769 copiis
734 2710 749 2747 e
763 2686 923 2749 Vitelliano

246 2769 367 2829 exercitu
374 2813 386 2842 ,
406 2790 493 2851 quem
514 2772 608 2857 spargi
628 2790 677 2853 per
693 2770 873 2853 provincias,
895 2779 925 2833 dt
