2100 3650
251 354 313 408 4²0
396 333 448 415 In
479 334 677 394 Lrnnnaa
709 334 782 395 IV.

254 445 394 504 habuerat,
412 443 437 492 δι
454 457 485 491 ex
503 455 533 490 ea
548 443 691 493 Helvidium
708 441 853 506 juniorem,
870 459 943 509 quem

256 517 386 568 interfecit
401 516 570 567 Domitianus.
579 517 645 566 Vide
655 515 717 565 Plin.
727 513 807 582 Epist.
821 533 853 583 9,
870 534 878 564 r
888 531 914 580 3.

292 591 340 640 vi.
355 605 379 640 1·
398 593 487 657 Agmen
502 607 602 639 raonem.
618 590 710 640 Eorum
726 589 780 639 scil.
797 593 841 656 qui
855 593 944 640 eadem

253 666 352 716 ratione
365 676 543 714 accusaverant
558 666 603 713 sub
620 664 744 723 Nerone,
765 661 812 725 ἃ,
830 665 852 712 si
874 664 945 713 Mar·

255 739 334 789 celius
350 737 468 796 caderet,
486 737 573 785 eadent
595 737 665 786 ruini
683 735 790 800 posterni
810 736 947 790 timebant.

254 849 257 856 .
293 827 320 862 ι.
330 810 454 873 Testaeum.
468 809 549 874 Cujus
561 810 701 861 certaminis
711 808 787 860 testes
797 821 857 859 sunt
870 826 945 878 egre·

255 886 302 954 giae
318 887 446 951 utriusque
458 886 594 934 orationes.

293 957 351 1010 Vll.
370 973 392 1008 1.
412 955 492 1028 Quina
506 957 581 1006 bonos
598 959 688 1006 amicos
704 973 763 1006 esse.
779 955 854 1006 Satis
873 956 944 1007 Mar·

256 1031 328 1082 cello.
344 1033 383 1082 lta
397 1031 545 1098 distinguunt
556 1031 622 1080 Flor.
640 1031 796 1092 Vaticanus,
807 1030 834 1080 δι
845 1031 943 1098 Regius

256 1121 312 1156 cnm
330 1103 473 1174 Ryckiano.
492 1105 596 1172 Vulgati
614 1102 670 1169 post
688 1102 837 1154 Rhenanum
849 1139 860 1162 ,
874 1105 944 1171 quim

257 1178 336 1231 bonos
352 1181 449 1228 amieos.
466 1177 529 1226 Esse
548 1181 618 1227 satis.
954 1228 958 1232 ,

295 1252 367 1307 vlll.
388 1267 412 1306 ιι
430 1251 550 1318 Principis
566 1252 647 1302 bonor.
659 1248 710 1316 Qui
722 1250 824 1301 scilicet
834 1251 943 1320 principi

256 1327 413 1388 habebatur,
428 1327 518 1392 legatis
533 1325 563 1373 ad
581 1343 639 1376 enm
658 1326 796 1375 mittendis.

232 1421 234 1426 ·
294 1415 322 1452 2.
335 1398 465 1466 Obsequio.
477 1398 610 1467 Legationi
620 1399 650 1449 ad
661 1398 798 1464 principem
810 1401 943 1452 obeunda.

295 1488 323 1540 3.
340 1473 611 1539 UlterioraTernpora
620 1472 732 1522 nimirum
744 1473 832 1522 liberae
843 1475 943 1539 reipub.

295 1564 323 1610 4.
341 1545 388 1597 Per
395 1546 530 1610 hujusmodi
540 1549 655 1614 imagines
668 1547 792 1596 inlusisse.
803 1548 861 1596 Hoc
872 1548 945 1614 quasi

256 1623 340 1672 velum
347 1615 842 1687 p'raetendissesceleribussuis,ut‚quae
849 1633 945 1686 sponte

256 1695 371 1764 jussurus
380 1707 446 1756 erat,
456 1711 486 1746 ea
494 1705 706 1760 peraccusatores
715 1693 861 1744 &senatum
869 1711 947 1744 exer·

257 1781 345 1833 ceret‚
363 1780 437 1835 atque
453 1770 486 1820 ita
499 1769 655 1833 hominibus,
671 1767 756 1835 specie
771 1769 873 1835 quadam
885 1768 945 1835 jus·

255 1846 333 1905 title,
351 1843 411 1893 vere
428 1844 556 1896 illuderet.

297 1934 321 1981 ς.
334 1916 418 1967 Senem
427 1918 601 1983 triumphalem.
614 1915 656 1967 Ob
667 1933 707 1967 res
719 1914 797 1985 gestas
807 1916 833 1965 in
843 1916 946 1967 Britan·

255 1993 347 2045 niasub
359 1993 464 2043 Claudio
473 1992 625 2058 imperatore
634 1989 777 2041 obtinuerat
784 1990 947 2057 triumphaiia

258 2078 413 2117 ornamenta.
626 2072 627 2076 ’

295 2140 342 2191 ΙΧ.
359 2156 381 2191 ι.
401 2140 424 2191 Α
432 2138 572 2207 praetoribus
582 2137 726 2189 cruciabatur
740 2140 856 2189 erarium.
874 2137 948 2190 vide

263 2215 329 2265 Ann.
350 2228 397 2279 13,
423 2230 465 2275 29.

298 2302 324 2340 2·
348 2284 446 2337 Publice
470 2287 617 2353 Capitolium
635 2286 796 2348 restitueretur.
816 2284 946 2351 Auspiciis

258 2362 420 2429 teipublicae,
438 2360 571 2425 adjuvante
590 2360 687 2427 quidem
706 2359 880 2423 Vespasiano,
896 2359 945 2409 sed

259 2448 381 2502 tamquam
405 2436 524 2500 privato,
542 2450 589 2484 nec
607 2446 657 2483 tam
675 2444 703 2483 ut
720 2434 802 2499 capite
828 2431 945 2498 ejusdem

258 2510 420 2577 reipublicae,
441 2510 512 2575 quim
530 2520 612 2574 parte.

299 2600 324 2647 3.
340 2580 447 2633 Obliuio.
454 2600 471 2632 'a
489 2598 553 2633 voce
570 2580 702 2642 oblivium,
715 2579 762 2648 quai
781 2579 807 2630 ἃ
820 2579 943 2645 Virgilius

259 2656 285 2707 δι
296 2656 415 2719 Horatius
427 2668 546 2713 utuntur,
557 2656 602 2706 sed
615 2653 906 2705 numero-multitudinis.

295 2744 322 2791 4.
334 2728 403 2778 Fuere
421 2730 497 2796 quib·
516 2732 686 2780 meminissent.
702 2728 800 2792 Nempe
816 2728 941 2792 pessimus

256 2804 374 2873 quisque,
397 2815 424 2855 ut
444 2804 556 2857 liberiori
581 2804 636 2858 siro
659 2803 797 2872 periculum
819 2811 940 2853 crearent
