2100 3650
258 317 824 407 mmmmmffifl

141 440 296 522 praemissis
324 438 493 506 Gallorum,
517 438 716 497 lusitanorum
730 484 742 508 ,
758 437 828 497 Bri·

144 539 355 599 tannorumque
383 515 573 590 ¹cohortibus,
603 528 631 580 &
662 520 828 580 Germano-

141 623 206 662 rum
220 602 349 671 vexillis,
369 621 434 660 curn
448 601 493 660 ala
514 600 646 670 Petrina,
663 603 721 681 ipse
742 601 830 682 paul·

141 683 235 744 lulum
265 685 430 754 cunctatio,
465 701 534 741 num
561 681 675 741 Raeticis
695 684 771 764 jugis
793 684 830 742 in·

142 765 286 825 Noricum
314 765 454 833 flecteret,
480 763 609 824 adversus
639 763 828 837 Petronium,

141 846 219 905 urbis
242 865 472 926 procuratorem,
493 847 543 924 qui
557 846 674 904 concitis
692 847 824 918 auxiliis,

146 936 175 987 &
203 928 364 1005 interruptis
388 926 537 984 fluminum
568 926 722 1006 pontibus,
752 925 831 988 fidus

142 1005 272 1067 Othoni
281 1007 438 1087 putabatur.
463 1007 518 1066 Sed
539 1027 616 1066 metu
629 1054 643 1077 ‚
657 1028 692 1065 ne
711 1009 829 1066 amitte-

142 1108 187 1148 ret
207 1090 360 1169 praemissas
383 1093 442 1166 jam
466 1086 597 1148 cohortes
625 1089 757 1169 alasque,
786 1091 830 1149 si·

142 1171 208 1229 mul
233 1188 362 1250 reputans
387 1171 448 1251 plus
473 1171 571 1252 gloriae
593 1169 699 1228 retenti
719 1168 832 1241 Italii}

143 1260 172 1312 &
195 1252 366 1334 ubicumque
387 1269 523 1310 certaturn
541 1251 634 1320 foret,
651 1250 774 1312 Noricos
792 1253 831 1312 in'

143 1352 243 1392 ceterae
272 1334 395 1394 vistoriae
426 1335 540 1411 prumia
558 1353 699 1402 cesurros,
714 1333 830 1393 Penino

143 1415 349 1496 subsignanum
379 1415 500 1473 militem
524 1415 622 1472 itinere
646 1459 656 1484 ,
682 1423 709 1474 &
738 1435 829 1497 grave

143 1497 294 1580 legionum
313 1516 437 1578 agmen,
457 1492 582 1556 hibernis
598 1492 690 1556 adhuc
703 1495 832 1576 Alpibus

143 1576 278 1637 traduxit.

186 1657 293 1718 LXXI.
306 1655 388 1718 Otho
400 1659 531 1729 interim,
552 1677 650 1718 contra
660 1679 739 1737 spem
750 1679 831 1736 om·¹

144 1740 248 1811 nium,
271 1761 328 1798 non
341 1739 470 1810 deliciis,
483 1761 576 1820 neque
591 1739 708 1800 desidii‘
716 1749 834 1820 torpes-1

145 1842 207 1881 cere
231 1845 238 1879 :
263 1820 355 1881 dilatae
376 1822 557 1901 voluptates,
578 1821 752 1882 dissimulata
778 1822 830 1881 lum

144 1904 251 1973 xuria,
270 1913 297 1964 &
315 1906 415 1963 cunila
430 1902 467 1962 ad
482 1903 616 1962 decorum
624 1905 734 1982 imperii
742 1924 833 1962 com-·

144 1988 239 2066 posita
260 2008 266 2041 :
287 1982 377 2067 eoque
403 1985 463 2066 plus
487 1984 649 2045 formidinis
668 1981 834 2047 afferebant

145 2064 225 2127 falsa
246 2067 385 2138 vitutus,
409 2076 437 2127 &
457 2068 527 2127 vitia
549 2066 678 2126 reditura.
695 2066 827 2127 Marium

146 2146 291 2219 Celsum,
312 2147 456 2207 consulem
482 2147 679 2229 designatum,
699 2169 748 2227 per
764 2169 832 2228 spe·

146 2231 221 2289 ciem
243 2230 442 2300 vinculorum,
466 2230 576 2290 saevitiae
604 2230 727 2288 militum
751 2230 834 2289 sub-2

147 2314 290 2383 nauum,
309 2312 398 2370 acciri
410 2312 444 2370 in
454 2309 633 2390 Capitolium
647 2310 725 2389 jubet
739 2333 746 2367 r
762 2311 834 2369 cle··

147 2395 265 2452 mentiar
280 2392 399 2462 titulus,
414 2413 434 2451 e
458 2393 520 2451 uiro
541 2392 634 2463 claro,
653 2400 681 2451 8(
700 2391 835 2471 partibus⁴

147 2475 263 2545 inviso,
281 2473 434 2553 petebatur.
455 2472 576 2544 Celsus,
596 2470 753 2532 constanter
768 2492 832 2533 set-v

146 2575 219 2615 uatae
239 2575 306 2637 erga
321 2554 447 2615 Galbam
462 2550 528 2613 fidei
542 2556 647 2613 crimen
661 2552 801 2615 confessus
812 2600 829 2626 ‚

148 2638 309 2717 exemplum
333 2637 406 2695 ultro
439 2638 598 2717 imputavit.
623 2636 686 2695 Nec
718 2633 824 2707 Otho,

147 2720 228 2799 quasi
242 2721 417 2801 ignosceret,
432 2716 500 2787 sed,
516 2739 555 2777 ne
564 2715 650 2776 hostis
659 2736 766 2776 metum
780 2738 830 2775 re-

147 2796 624 2875 concrluriouisarlhiberenstatim
632 2800 833 2861 interimimus
925 2874 928 2881 Ι
