2100 3650
233 268 280 344 ae
357 247 394 320 C.
423 254 575 322 Coun.
607 252 791 321 Taciti

236 363 391 441 lunaribus
399 407 411 442 ,
431 373 478 448 qui
499 392 547 429 nec
564 389 658 442 totam
673 371 834 431 servitum
850 355 918 442 pati

233 470 369 530 possunt,
387 474 439 510 atet
461 470 547 510 totam
571 451 731 510 libertatem.
756 449 796 508 Et
818 449 918 510 Galba

238 531 375 614 quidem,
397 529 454 592 haec
474 553 507 591 ac
531 533 619 602 talia,
638 551 785 611 tamquam
810 531 917 608 princi·

238 634 304 694 pern
325 611 451 684 faceret5
471 614 555 672 ceteri
579 631 727 693 tamquam
746 631 812 670 cum
838 610 918 671 fatto

237 693 432 774 loquebantur.
572 756 575 763 ,

280 765 378 856 XVII.
401 775 535 834 Pisonem
558 771 651 834 ferunt
668 763 763 832 statim
785 770 919 832 intuenti-

240 854 314 926 bus,
336 865 364 916 &
385 877 453 915 mox
480 856 614 934 conjeffls
639 856 670 914 in
692 875 757 913 eum
785 855 920 913 omnium

240 937 351 1008 ocuIIs,
381 937 502 996 nullum.
521 937 656 1005 turbati,-
675 954 724 993 aur
753 935 921 994 exsultantis

240 1011 332 1076 animi
348 1036 459 1076 motum
479 1016 642 1096 prodidisse.
661 1015 762 1075 Sermo
782 1035 849 1096 erga
865 1036 921 1096 pe·

241 1112 312 1158 trem
344 1099 599 1178 imperatoremque
631 1117 785 1166 reverens,
819 1096 855 1155 de
889 1115 921 1156 se

242 1178 403 1238 moderatus
420 1175 514 1238 :nihil
532 1181 563 1239 in
581 1179 662 1238 vultu
680 1170 834 1258 habituque
850 1198 922 1238 mu-

242 1265 332 1320 tatum
363 1261 478 1340 :quasi
506 1261 642 1340 imperare
667 1278 763 1338 posset
795 1260 922 1342 magis,

244 1338 330 1420 quim
348 1341 441 1418 vellet,
463 1339 664 1400 Consultatum
684 1339 778 1415 inde,
790 1361 844 1414 pro
863 1361 924 1399 ros-

243 1419 319 1490 tris,
341 1443 378 1480 un
394 1421 424 1480 itt
449 1440 546 1500 senatu
555 1466 567 1492 ,
591 1444 628 1480 art
648 1423 678 1480 in
699 1423 792 1502 castris
811 1423 926 1495 adoptio

244 1519 447 1580 nuncuparetur.
457 1497 508 1579 'In'
524 1503 555 1561 itt
565 1505 650 1583 castra
662 1501 768 1581 placuit
782 1525 793 1560 :
807 1502 925 1560 honori-

237 1576 323 1662 ficum
346 1577 379 1640 id
396 1582 532 1642 militibus
545 1583 626 1660 fiere,
647 1604 758 1658 quorum
769 1583 901 1659 fauorem
910 1625 925 1654 ,

245 1681 276 1726 ut
285 1659 431 1742 largitione
442 1661 469 1724 ἃ
480 1663 583 1722 ambitu
594 1661 665 1722 male
674 1662 785 1740 adquin·
790 1710 801 1734 ,
818 1666 861 1722 ita
870 1687 928 1736 per

246 1742 329 1804 bonas
350 1761 422 1804 artes
442 1737 517 1802 haud
535 1747 719 1819 spernendum.
742 1742 922 1805 Circumste-

247 1842 317 1885 terat
342 1825 454 1885 interim
480 1825 751 1906 palatiumpublica
771 1830 922 1906 exspecta-

247 1908 308 1979 tio,
339 1908 439 1990 magni
465 1909 562 1967 secreti
587 1908 758 1986 impatiens,
788 1917 817 1967 &
844 1909 925 1967 male

249 1985 398 2047 coercitam
412 1987 520 2047 famam
532 1988 733 2069 supprimentes
744 1988 896 2070 augebant.

289 2066 401 2127 XVIII.
415 2068 567 2145 ¹Quartum
592 2067 662 2127 Idus.
677 2069 842 2144 Ianuarias,
869 2069 926 2129 foe-

249 2140 317 2213 (lum
335 2148 472 2209 imbribus
485 2146 561 2207 diem
570 2150 737 2223 ,tonitrua‚
750 2159 777 2210 &
791 2150 927 2231 fulgura,

250 2232 278 2290 &
309 2226 429 2288 coelestes
451 2231 534 2289 minat
563 2230 634 2291 ultra
658 2230 773 2289 solitum
793 2232 928 2292 turbare*
998 2269 1001 2274 ·

249 2326 320 2387 rant.
348 2309 539 2369 Observatum
561 2310 592 2369 id
618 2312 770 2390 antiquitus
799 2315 927 2372 comitiis

250 2388 433 2465 dirimendis,
457 2413 516 2451 non
541 2394 637 2451 terruit
663 2391 816 2463 Galbam,
846 2413 927 2472 quo·
1018 2397 1019 2426 ³

251 2474 345 2531 minus
371 2474 401 2532 in
427 2466 513 2531 castra
539 2490 680 2556 pergeret,
702 2492 928 2552 contemptorem
1018 2473 1019 2510 ³

250 2554 370 2625 talium,
385 2571 418 2613 ut
432 2550 629 2623 fortuitorum3
650 2574 697 2613 seu
710 2575 771 2635 quae
786 2554 848 2613 fato
864 2577 929 2615 ma·
1018 2581 1019 2596 ¹

196 2700 199 2707 ¹
252 2653 337 2705 nent,
361 2635 490 2715 quamvis
513 2632 688 2716 significata,
715 2657 773 2694 non
794 2637 929 2696 vitantur.
1018 2645 1019 2690 l

253 2712 338 2797 Apud
376 2715 551 2798 frequentem
579 2716 703 2777 militum
734 2717 932 2789 concionem,
1018 2721 1019 2770 ὲ
