2100 3650
210 319 523 386 HrsrontAuvrt
542 309 626 383 lta.
643 317 674 385 Ι.
733 321 778 404 69

98 440 224 500 avaritia
246 436 336 497 fuerat
347 481 357 507 ,
369 435 464 496 videri
482 433 680 516 majestatem
704 443 784 519 cujus

99 540 167 580 tum
186 518 265 578 odio.
278 520 366 578 eriam
385 517 471 578 bona
491 517 567 600 leges
588 518 728 598 peribant.

146 600 317 660 LXXVIII.
354 599 465 660 Eadem
499 599 650 682 largitione
685 601 785 662 civita·

17 715 19 718 >
100 700 168 741 tum
186 702 299 764 quoque
318 701 351 740 ac
370 681 578 761 provinciarum
603 684 715 741 anisnos
735 703 786 768 ag·

127 785 239 835 tessus,
265 761 491 842 Hispaliensibus
514 762 785 828 &Emeritensibus

99 785 284 905 ¹Iamidarum
302 844 494 924 adjeciiones‚
517 845 696 928 Lingonibus
714 848 787 906 uni-

103 928 195 986 versis
229 928 373 986 civitatem
408 927 600 998 Romanam,
634 929 786 1008 provinciz

105 1009 217 1068 Baetica
239 1008 405 1068 Maurorum
431 1008 557 1070 civitates
577 1008 656 1068 dono
672 1009 750 1070 dedit
773 1032 784 1071 t

79 1111 187 1150 varova
215 1092 274 1168 juta
298 1089 518 1170 Cappadocia,
547 1113 622 1152 nova
649 1089 753 1152 Africa·
770 1137 785 1166 ‚

107 1169 231 1230 ostentui
243 1172 352 1253 magis,
366 1168 452 1251 quim
469 1193 607 1233 mansura.
620 1172 699 1232 'Inter
711 1193 787 1254 quat,

106 1255 274 1312 necessitate
297 1255 473 1332 praesentium
493 1275 585 1313 rerum
608 1261 636 1313 &
660 1252 786 1314 instanti·

106 1334 163 1395 bus
188 1336 259 1394 curis
280 1351 409 1394 excusata
430 1380 439 1405 ,
460 1354 495 1394 ne
514 1355 576 1394 rum
596 1334 712 1416 quidem
734 1338 788 1396 im·

110 1436 225 1476 memor
258 1435 416 1486 amorum,
449 1413 551 1478 statuas
581 1416 707 1497 Poppaeae
738 1438 787 1498 pet

108 1497 384 1558 senatusconsultum
416 1500 546 1578 reposuit.
582 1497 716 1558 Creditus
747 1498 787 1560 est

105 1581 201 1638 etiam
229 1579 264 1639 de
292 1578 457 1639 celebranda
493 1579 616 1639 Neronis
649 1583 788 1642 memoria

111 1662 264 1744 agitavisse
281 1706 291 1732 ,
311 1680 358 1740 spe
372 1662 490 1797 vuerm
503 1661 645 1721 alliciendi
665 1685 672 1718 :
689 1670 716 1722 δι
728 1661 789 1721 fue·

106 1763 142 1802 re
160 1789 170 1814 ‚
196 1745 247 1824 qui
269 1744 407 1824 imagines
429 1771 439 1802 r
459 1745 553 1804 eronis
571 1761 757 1823 proponerent
777 1767 787 1804 r

109 1844 199 1906 atque
224 1828 311 1885 etiam
335 1821 475 1896 Othoni,
498 1824 670 1907 quibusdam
690 1824 791 1887 diebus

32 1948 34 1955 ,
113 1908 237 1991 populus
259 1916 286 1967 dt
314 1907 415 1977 miles,
439 1926 587 2049 tamlpuam
610 1907 791 1969 nobilitatem

114 2010 149 2051 ac
178 1988 262 2049 decus
285 1987 474 2060 adstruerent,
527 2007 628 2049 suoru
649 1986 790 2051 Orraour

114 2070 295 2131 acclamavit.
318 2070 382 2152 Ipse
404 2071 435 2130 in
458 2090 592 2152 suspenso
612 2072 724 2143 tenuit,
744 2092 792 2135 ve·

112 2152 198 2213 tandi
220 2172 318 2223 metu,
338 2152 384 2213 vel
402 2152 577 2236 agnoscendi
594 2152 708 2232 pudore.

111 2234 297 2295 :LXXIX
329 2232 482 2295 Conversis
508 2234 546 2295 ad
572 2234 654 2295 civile
684 2234 792 2295 bellurn

111 2319 225 2377 animis
239 2360 249 2387 ,
273 2334 384 2376 externa
397 2318 456 2375 sine
470 2336 536 2377 cura
549 2313 733 2376 habebantur.
745 2316 793 2377 Εὸ

111 2397 266 2461 audentius
300 2395 487 2468 Rhoxolani,
520 2398 675 2459 Sarmatica
722 2419 795 2472 ens,

111 2484 212 2561 -priore
239 2478 333 2539 hieme
359 2481 436 2539 eaesis
463 2478 570 2539 duabus
596 2419 759 2539 cohortihus
779 2526 793 2551 ,

116 2561 228 2646 magnai
250 2582 297 2643 spe
317 2560 354 2623 ad
379 2562 515 2622 Monam
537 2563 723 2641 inruperant:
743 2582 794 2622 no-

114 2666 186 2705 vem
216 2644 307 2710 millia
335 2644 462 2725 equitum
477 2690 486 2715 ‚
504 2662 540 2703 ex
558 2642 663 2702 ferocia
687 2651 715 2702 dt
735 2663 795 2703 snt·

112 2742 217 2798 eessu,
232 2725 329 2809 praedae
340 2726 449 2808 magis,
463 2722 550 2806 quim
562 2743 661 2805 pugnat
673 2726 792 2785 intenta.

116 2808 210 2893 igitur
236 2830 326 2894 vagos
348 2816 377 2870 &
397 2807 574 2879 incuriosos,
595 2808 675 2867 tertia
695 2807 794 2891 legio,
