2100 3650
264 264 332 351 258
387 261 424 329 c,
452 263 598 333 corr.
631 264 818 331 Πρω
938 328 945 355 ,

262 386 328 445 vitre
345 379 622 464 officiis'aequabilis,
640 404 729 465 opum
743 394 926 463 contemptor
932 393 947 455 ς’

263 466 332 525 resti
352 465 501 545 pervicax,
519 464 648 525 constans
669 466 798 528 adversus
819 485 923 525 metus.

304 546 360 605 VI.
388 546 477 605 lirant
488 592 498 619 ,
527 548 629 628 quibus
657 549 831 629 appetentior
858 545 945 605 famu

262 626 423 698 videretur,
443 628 560 709 quando
581 630 668 689 etiam
695 628 867 707 sapientibus
892 648 944 685 cu-

264 708 333 790 pido
352 711 447 793 gloria
465 712 620 775 novissima
641 712 769 771 ersuinrr.
787 708 882 769 Ruinai
899 728 946 769 sc)⁴

207 811 209 816 ·
264 792 323 849 ceri
340 792 372 850 iu
396 791 526 849 exsilium
546 792 655 871 pulsus,
680 811 728 863 ut,
745 792 848 853 Galbae
865 791 945 871 prin-

250 874 380 952 ‘cipatu,
405 872 508 941 rediit,
530 873 700 933 Marcellrun
723 874 862 952 Eprium,
888 872 943 948 dee
1032 938 1033 941 Ἰ

266 954 388 1013 latorem
404 950 552 1026 Tlrraseae,
567 975 695 1015 accusare
711 954 881 1036 adgreditur.
900 953 944 1013 Ea

267 1035 361 1107 ultio,
383 1037 543 1105 incertum,
565 1040 710 1115 majorari
727 1034 842 1115 jsdlior,
862 1056 946 1095 sena*

267 1134 331 1176 rum
349 1118 380 1177 in
398 1115 489 1177 studia
509 1117 663 1179 diduxerat.
685 1116 764 1178 Nam
790 1120 815 1177 si
835 1116 947 1177 caderet

267 1196 454 1269 Marcellus,
484 1218 589 1282 agmen
627 1218 738 1259 reorum
765 1196 945 1262 studebatur.

268 1277 368 1339 Primd
385 1282 483 1340 minax
499 1302 657 1351 certamen,
672 1290 700 1343 δι
714 1282 835 1363 egregiis
850 1281 950 1340 utrius·

269 1382 326 1441 que
355 1362 532 1423 orationibus
561 1362 699 1423 testatum.
731 1364 826 1434 Mox,
861 1360 948 1421 dubie
982 1428 988 1437 ,

270 1443 416 1505 voluntate
442 1443 563 1515 Galba,
584 1446 680 1505 multis
704 1463 866 1504 senatorum
891 1443 945 1503 de-

271 1524 470 1604 precantibus,
504 1528 602 1587 omisit
627 1526 762 1597 Priscus3
786 1527 893 1595 variis,
918 1543 949 1585 ut

272 1625 336 1665 sunt
353 1604 504 1666 hominum
520 1609 654 1691 ingenia,
674 1606 864 1678 sermonibus,
883 1627 951 1665 mu-

272 1685 448 1748 derationem
473 1687 669 1761 laudantium,
692 1708 740 1749 aut
763 1686 951 1749 constantiam

270 1773 481 1852 requirentium.
511 1770 648 1834 Cetenlm
678 1792 714 1832 eo
742 1768 853 1832 senatus
880 1768 952 1842 die,

274 1875 332 1933 quo
344 1857 376 1914 de
385 1854 500 1929 imperio
518 1853 689 1930 Vespasiani
701 1852 869 1924 censebant,
889 1854 953 1932 pla-

273 1955 369 1995 cuerat
381 1938 457 1996 mirri
472 1938 511 1995 ad
514 1937 666 2012 principem
680 1937 794 2016 legarat.
809 1935 887 1994 Hinc
902 1936 950 1994 in-

276 2035 317 2076 ter
339 2017 506 2078 Helvidium
529 2029 557 2079 &
580 2019 698 2098 Eprium
727 2035 791 2076 acre
818 2017 953 2100 jurgium.

275 2097 384 2165 Priscus
401 2101 468 2178 eligi
479 2101 644 2161 nominarim
655 2122 673 2158 a
691 2122 717 2158 m
743 2098 891 2180 ''straribus
898 2100 953 2179 ju·

277 2180 347 2238 raris
358 2202 372 2252 ,·
395 2181 547 2240 Marcellus
570 2201 666 2240 urnam
689 2201 726 2260 po
751 2179 847 2240 ulabat
859 2223 870 2252 ‚
891 2199 955 2261 quse

261 2261 400 2320 consulis
415 2260 473 2321 desi
495 2263 555 2323 nati
572 2263 709 2324 sententia
730 2259 831 2322 fuerat.
931 2307 933 2312 .

317 2341 404 2404 Vll.
429 2282 495 2404 sed
516 2344 648 2406 Marcelli
677 2341 799 2402 studium
828 2363 879 2423 pru
897 2343 956 2402 rias

206 2485 209 2491 ,
278 2423 364 2483 rubor
381 2426 540 2499 excitabat,
560 2447 615 2498 ne,
635 2425 697 2486 aliis
712 2424 826 2496 electis,
843 2363 957 2505 poliba-

278 2505 353 2565 bitus
375 2506 537 2568 crederetur.
555 2507 780 2588 Paulatimque,
798 2525 847 2586 per
865 2505 954 2566 alter-

279 2587 450 2660 cationem,
471 2589 509 2650 ad
532 2591 680 2652 continuas
701 2597 730 2650 δι
748 2586 861 2658 infestas
884 2607 955 2646 ora·

280 2669 372 2728 tiones
397 2673 521 2750 provedi
542 2689 622 2742 sunt,
641 2689 778 2752 quaercnte
795 2668 958 2740 Helvidio,

278 2751 346 2827 quid
366 2751 409 2824 ita
426 2751 579 2814 Marcellus
592 2753 730 2836 judicium
753 2751 959 2834 magistratuum
