2100 3650
290 287 359 366 546
414 281 449 349 C·
475 281 617 351 Cora.
654 279 846 350 Tuom

252 417 256 426 “
285 400 496 460 Scribonianum
511 400 561 460 suh
587 401 700 462 Claudio
720 403 911 480 ineerfellum
927 405 968 464 sie

280 503 465 558 percussorem
484 483 567 562 ejur,
595 483 794 561 Volaginium,
812 506 827 542 e
842 489 967 563 gregario

284 567 323 623 ad
332 584 439 623 summa
451 565 560 623 militia
570 572 736 638 proventum.
757 563 887 625 Fociliius
900 569 964 626 uni-

282 665 378 707 versos
398 644 519 718 impelli,
540 644 620 722 quiam
639 645 763 723 singulos
782 648 885 706 vitari.

197 765 201 769 -
284 745 288 752 ·
324 723 463 785 LXXVI.
490 725 546 785 His
571 727 721 806 pavoribus
744 746 918 799 nutantem,
941 737 967 789 &

282 805 332 866 ulii
353 807 441 890 legati
459 808 600 888 amicique
614 805 788 877 firmabant,
809 817 837 867 δι
856 809 966 870 Mucia·

284 908 356 959 nus,
382 885 443 968 post
468 889 572 948 multos
597 907 773 968 secretosque
799 910 966 962 sermones,

282 973 341 1049 jam
358 977 385 1029 &
400 967 494 1028 cotim
516 971 557 1028 ita
570 969 677 1029 locutus
695 993 702 1026 :
724 966 830 1029 Omnes'
845 974 895 1048 qui
907 995 964 1031 ma·

280 1070 396 1130 gnarum
414 1072 501 1109 rerum
516 1051 637 1110 consilia
647 1053 821 1125 suscipiunt,
836 1053 965 1132 aestimare

283 1131 398 1204 arbone,
416 1154 453 1189 an
474 1135 546 1209 quod
562 1133 726 1202 inchoatur,
749 1131 853 1205 reipub.
878 1136 963 1205 utile,

282 1214 354 1288 ipsis
368 1215 536 1292 gloriosum,
553 1231 601 1271 aut
613 1230 765 1288 promptum
781 1212 900 1290 offella,
920 1233 964 1274 aut

282 1295 351 1354 cene
366 1317 419 1353 non
437 1298 549 1353 arduum
564 1296 613 1353 sit.
633 1293 727 1353 Simul
737 1295 818 1367 ipse,
832 1298 883 1372 qui
896 1319 962 1355 sua-

283 1378 350 1445 eler,
368 1377 579 1434 considerandus
598 1377 659 1457 est,
679 1375 830 1456 adjiciatne
848 1380 964 1436 consilio

279 1457 429 1530 periculum
439 1478 518 1516 suum
531 1480 541 1514 :
554 1454 599 1528 ἃ,
609 1458 638 1516 si
640 1457 756 1534 fonuna
765 1458 863 1530 creptis
876 1461 965 1536 alfiu-

283 1538 340 1607 rit,
359 1538 405 1595 rui
414 1559 548 1596 summum
565 1542 643 1598 decus
658 1539 824 1615 adquiratur.
841 1540 908 1618 Ego
925 1559 965 1613 te,
1031 1569 1032 1580 ¹

290 1620 325 1679 V
319 1621 483 1693 espasiane,
502 1623 541 1678 ad
555 1622 697 1694 imperium
708 1641 797 1689 vaco,
812 1637 874 1678 tam
887 1622 964 1680 salu·

283 1717 342 1760 tare
370 1700 471 1774 reipub.
497 1699 576 1777 quium
597 1701 649 1759 eibi
671 1701 855 1780 magnificum.
882 1703 966 1762 Juxta

282 1785 366 1853 deos,
379 1784 409 1841 in
421 1800 468 1840 tua
485 1793 566 1841 manu
572 1783 695 1856 positum
711 1783 754 1863 est.
772 1782 834 1843 Nec
849 1788 966 1859 speciem

232 1872 235 1876 ’
283 1865 426 1932 adulantis
445 1866 590 1938 expaveris
613 1888 623 1922 :
643 1888 661 1923 a
677 1866 864 1935 contumelia,
887 1866 966 1943 quim

284 1970 303 2005 a
320 1948 399 2005 laude
406 1947 520 2019 propius
525 1946 635 2022 fuerit,
670 1947 707 2025 ost
726 1945 876 2005 Vitellium
888 1950 965 2027 eligi.

284 2027 351 2086 Non
367 2030 498 2086 adversus
509 2027 572 2087 aivi
581 1966 698 2165 Αιιᾶῐβί
710 2026 874 2085 acerrimam
887 2052 966 2087 men⁴

282 2122 357 2178 rem,
378 2130 426 2167 nec
441 2110 572 2169 aduersus
589 2131 621 2167 ca
652 2110 778 2167 issimam
794 2108 914 2168 Tiberii
927 2134 967 2171 se-

283 2195 431 2260 neliutem,
451 2213 484 2248 ne
494 2208 589 2249 contra
607 2190 669 2250 Caii
678 2190 803 2266 quidem,
816 2208 868 2248 aut
885 2194 968 2251 Clau·

283 2272 327 2330 dii
334 2318 345 2342 ,
361 2273 409 2332 vel
425 2272 569 2341 Neronis,
585 2272 735 2349 fundatam
751 2272 833 2349 longo
847 2270 967 2345 imperio

280 2356 392 2412 'domum
410 2354 579 2431 exsurgimus
602 2376 611 2412 :
634 2353 737 2433 cessisti
756 2353 843 2410 etiam
867 2353 967 2413 Galba

281 2433 450 2513 'imaginibus
473 2457 482 2492 :
504 2452 607 2507 torpere
627 2432 718 2503 ultrlz,
740 2428 966 2507 &polluendam

277 2518 489 2591 ’perdendamque
508 2515 623 2589 rempub.
644 2516 809 2591 relinquere,
828 2536 916 2587 sopor
936 2512 964 2574 l?

282 2597 398 2672 ignavia
415 2596 569 2668 videretur,
582 2596 705 2655 etiamsi
720 2594 792 2664 eibi,
814 2594 898 2670 qulam
914 2596 962 2655 in·

284 2675 406 2757 honesta,
424 2690 481 2734 tam·
491 2694 551 2735 tuta
563 2680 684 2739 servitus
697 2694 777 2739 esset.
791 2674 875 2735 Abiit
879 2679 963 2757 jam,

279 2753 312 2818 θ
321 2764 506 2822 'transvellum
518 2760 665 2841 esltempus
673 2805 684 2831 ,
697 2778 747 2835 quo
753 2780 853 2835 posses
868 2759 963 2819 videri
