2100 3650
256 360 323 424 332
381 336 417 407 C.
447 340 596 408 Coum.
628 341 829 407 TACIT!

251 454 374 516 Cerialis
397 475 515 537 propero
541 458 656 540 agmine
684 456 820 516 subvenit.
851 446 933 518 Cir}

252 534 428 595 cumsteterat·
455 536 582 598 Civilem
605 546 633 597 &
657 537 728 596 alius
757 556 867 608 metus,
896 547 935 596 ne

251 617 461 697 quartadecima
485 618 590 701 legio,
614 618 746 697 adjuncrssr
766 617 937 678 Britannica

254 698 360 769 classe,
387 698 540 759 adflistaret
564 699 706 769 Batavos,
722 696 783 779 ⁸quir
806 699 936 759 Oceano

252 778 422 839 ambiuntur.
447 780 502 841 Sed
521 780 663 862 legionem
688 777 803 838 terrestri
830 782 938 839 itinere·

252 858 356 919 Fabius
373 860 497 931 Priscus,
516 862 643 943 legatus,
661 864 691 919 in
710 861 833 920 Nervios
849 860 939 921 Tun³

253 960 373 1022 grosque
391 940 470 1001 duxit
492 964 500 1000 :-
516 962 610 1022 eaequc
623 944 748 1001 civitates
761 944 791 1000 in
807 940 938 1001 deditio-

253 1042 319 1081 nem
346 1041 464 1101 acceptae
485 1024 627 1081 :classem
648 1023 721 1081 ultro
742 1019 938 1083 Caninefates

254 1102 379 1185 adgressi
398 1121 476 1173 sunt3
499 1108 646 1183 majorque
664 1116 727 1183 pars
744 1106 861 1163 navium
885 1103 936 1163 de·

254 1204 365 1263 pressa,
377 1203 425 1243 aut
442 1202 533 1263 capta.
552 1184 592 1243 Et
610 1184 781 1244 Nerviorum
799 1186 936 1244 multitud

254 1264 371 1335 dinem,
396 1279 493 1343 sponte
515 1280 709 1344 commotam,
734 1278 764 1323 ut
790 1281 844 1345 pro
863 1265 938 1339 Βου-

254 1348 346 1405 manis
369 1346 475 1403 bellurn
495 1365 669 1425 capesseret,
690 1345 777 1404 iidem
800 1346 935 1407 Carrine-

253 1426 325 1486 fates
353 1425 456 1485 fudere.
491 1427 634 1487 Classicus
662 1439 775 1508 quoque
801 1428 934 1489 adversus

177 1514 181 1524 '
255 1509 381 1587 equites,
403 1507 561 1567 Novcsium
578 1530 594 1566 a
613 1505 725 1568 Ceriale
746 1512 931 1587 praemissos,

254 1588 407 1649 secundum
432 1590 561 1668 proelium
585 1588 652 1647 fecit
673 1611 680 1645 ε
705 1610 766 1668 quae
794 1590 929 1661 modica,

256 1666 304 1729 scd
320 1669 413 1729 crebra
427 1670 553 1739 damna,
574 1670 683 1729 famam
699 1672 824 1730 vicioriae
843 1686 932 1751 nuper

252 1770 337 1833 partae
354 1752 523 1811 lacerabant.

294 1833 415 1894 LXXX.
438 1833 542 1892 lisdem
559 1833 658 1893 diebus
672 1829 826 1892 Mucianus·
840 1829 930 1893 Vitei⁴

254 1914 287 1973 lii
298 1913 387 1974 filium
405 1913 522 1974 interfici
531 1916 610 1994 jubet
628 1935 808 1973 :mansuram
821 1913 929 1973 discor-

256 1995 332 2055 diam
357 1996 533 2068 obtendens,
557 1999 587 2055 ni
611 1997 717 2054 semina
743 1996 811 2054 belii
831 1993 928 2054 restin⁴¹

255 2079 348 2136 risset.
370 2079 470 2157 Neque
494 2079 651 2141 Antonium
679 2076 805 2136 Primum
829 2077 928 2136 adsciri

255 2159 327 2216 inter
344 2161 460 2218 comites
476 2182 497 2218 a
508 2157 678 2218 Domitiano
694 2178 788 2238 passus
802 2156 857 2228 est3
878 2157 925 2217 fa-

255 2258 322 2297 vore
351 2241 473 2298 militurn
504 2243 620 2310 anxius,
646 2248 673 2298 &
701 2239 828 2318 superbiai
854 2241 925 2311 viri,

256 2320 405 2398 aequalium
429 2341 563 2400 quoque,
588 2320 659 2380 adeo
685 2322 856 2400 superiorum
881 2322 924 2379 in·

255 2401 406 2461 tolerantis.
426 2401 571 2460 Profectus
589 2401 625 2461 ad
641 2401 848 2481 Vespasianum
867 2401 923 2460 An·

256 2485 368 2552 tonius,
387 2502 417 2542 ut
439 2503 498 2542 non
518 2503 568 2562 pro
584 2502 631 2562 spe
647 2503 695 2542 sua
712 2482 867 2562 excipitur,
885 2483 922 2542 ita

255 2583 346 2642 neque
370 2585 465 2644 averso
489 2565 663 2642 imperatoris
685 2563 792 2623 animo.
816 2558 922 2621 Trahe-

257 2641 338 2702 batur
360 2646 389 2703 in
413 2645 542 2714 diversa3
572 2642 638 2704 hinc
659 2645 763 2703 meritis
784 2645 922 2716 Antonii,

256 2727 333 2802 cujus
352 2724 436 2785 duciu
454 2725 615 2786 confestum
637 2724 713 2785 haud
726 2725 810 2784 dubie
823 2723 921 2783 bellum

178 2849 182 2870 r
257 2823 330 2879 erat,
345 2806 410 2867 inde
428 2809 558 2868 Muciani
573 2805 714 2888 epistolisz
729 2806 814 2866 simul
827 2808 920 2878 ceteri,
