2100 3650
201 311 271 377 230
324 285 361 356 C.
390 287 537 355 cortu.
569 286 751 355 Taum

181 410 318 489 uitaeque
347 404 477 475 civium,
497 402 645 466 reddebat.
677 404 872 487 Adspernanre

136 565 138 568 Ι
199 490 334 560 consule,
354 488 591 557 reclamantibus,
612 486 712 568 quiin
732 490 873 548 concione

199 568 383 640 adffiterant,
407 588 439 627 ut
462 570 492 627 in
512 570 570 629 aede
590 568 745 629 concordia
764 571 873 651 positu-

199 671 246 712 rus
270 652 392 733 insignia
420 653 555 728 imperii,
576 648 750 730 domumque
782 648 874 714 fratris

200 733 349 812 petiturus,
365 731 498 790 discessit.
517 732 614 809 Major
635 729 681 789 hsc
694 732 801 791 clamor
812 732 871 790 ob·

199 810 353 873 sistentium
372 812 518 892 penatibus
539 813 671 891 privatis,
692 812 722 869 in
736 813 876 886 palatium
925 836 927 841 ’

200 896 372 959 vocantium.
392 894 577 953 interclusum
598 892 674 967 aliud
693 895 762 964 iter,
789 893 875 975 idque

201 974 293 1034 solum
318 1021 328 1046 ,
354 975 432 1057 quod
446 976 481 1033 ⁴in
497 994 604 1035 sacram
624 976 702 1034 viam
723 978 849 1115 perpetes
861 1020 875 1046 ,

202 1056 317 1136 patebat
333 1075 414 1116 :tum
433 1056 545 1115 consilii
566 1058 672 1137 inops,
691 1057 721 1115 in
738 1076 773 1137 pa
786 1058 876 1117 atium

201 1136 293 1197 rediit.
484 1186 486 1192 ,
848 1162 851 1168 ·
881 1162 883 1167 ·

243 1218 351 1279 LXIX.
379 1218 551 1279 Praevenerat
576 1228 692 1287 rumor,
716 1220 819 1298 ejurari
843 1216 879 1278 ab

203 1322 234 1359 eo
259 1301 400 1375 imperium
421 1301 644 1381 :scripseratque
661 1298 772 1359 Flavius
794 1300 879 1363 Sabi·

203 1402 256 1441 nus
280 1379 440 1439 cohortium
462 1380 600 1452 tribunis,
622 1399 652 1439 ut
671 1381 786 1441 militem
801 1380 879 1441 colu'·

205 1462 305 1521 herent.
329 1461 436 1543 Igitur,
456 1480 604 1541 tamquam
621 1465 714 1521 omnis
725 1460 888 1543 respub.'in

204 1542 373 1621 Vespasiani
396 1544 488 1601 sinum
512 1544 656 1614 cessisset,
680 1545 814 1622 primores
838 1564 881 1604 se·

206 1622 308 1696 nattis,
330 1634 357 1685 &
375 1624 498 1706 plerique
514 1622 645 1705 equestris
664 1624 790 1695 ordinis,
808 1643 879 1685 om·

207 1707 306 1786 nisque
317 1706 397 1765 miles
409 1706 553 1774 urbanus,
573 1714 602 1765 ὃ(
616 1706 716 1785 vigiles
730 1751 740 1776 ,
760 1706 888 1787 domurn¹

208 1787 415 1848 Flavii-sabini
435 1787 610 1866 complevere
625 1787 715 1846 :illuc
727 1784 767 1848 dt
785 1785 888 1849 studiis

208 1870 289 1952 uulgi
299 1916 311 1940 ,
335 1879 364 1930 &
380 1869 464 1928 minis
478 1869 712 1930 Germanicarum
723 1867 883 1930 cohortium

200 1948 329 2012 affertur.
362 1949 489 2032 Longiris
518 1954 578 2028 jam
608 1971 766 2033 progressus
790 1969 882 2022 erat,

210 2031 296 2113 quam
316 2031 470 2114 utregredi
490 2051 583 2112 posset
609 2053 616 2088 ε
642 2039 668 2090 &
690 2051 740 2090 suo
763 2032 883 2111 quisque

210 2133 305 2184 metu,
322 2133 359 2172 ne
374 2112 525 2192 disjectos,
542 2131 631 2192 eoque
645 2109 736 2170 minus
750 2110 881 2182 validos,

210 2194 360 2255 Vitelliani
378 2198 629 2262 consectarentur,
656 2191 833 2251 cunei-antem
851 2191 883 2250 in

210 2297 290 2338 arma
310 2276 501 2356 impellebant.
521 2273 577 2334 Sed
594 2272 671 2355 quod
694 2274 725 2332 in
744 2271 886 2352 ejusmodi

211 2357 293 2419 rebus
310 2357 432 2429 accidit,
446 2356 595 2416 consilium
617 2354 653 2414 ab
673 2353 806 2414 omnibus
828 2353 904 2414 ‹la-2

212 2455 274 2499 tum
288 2437 343 2510 est,
357 2441 510 2519 periculum
528 2438 612 2518 pauci
631 2457 778 2516 sumpsere.
799 2433 887 2498 Circa

213 2521 307 2582 lacum
322 2520 452 2581 Fundani
463 2547 485 2593 ,·
495 2518 725 2581 descendentibus
740 2563 749 2589 ,
767 2517 817 2600 qui
836 2517 887 2578 Sa·

215 2601 316 2660 binum
336 2603 565 2674 comitabantur,
583 2602 717 2670 armaris,
741 2617 891 2659 occurrunt

216 2684 417 2764 promptissimi
431 2683 662 2743 Vitellianorum.
678 2679 829 2740 Modicum
849 2680 891 2738 ibi

216 2760 892 2848 prolium,impro'visotu1uulut‚sedprosperum
