<?xml version="1.0" encoding="UTF-8"?>
<!DOCTYPE html PUBLIC "-//W3C//DTD XHTML 1.0 Transitional//EN"
    "http://www.w3.org/TR/xhtml1/DTD/xhtml1-transitional.dtd">
<html xmlns="http://www.w3.org/1999/xhtml" xml:lang="en" lang="en">
 <head>
  <title>
</title>
<meta http-equiv="Content-Type" content="text/html;charset=utf-8" />
  <meta name='ocr-system' content='tesseract 3.04.00' />
  <meta name='ocr-capabilities' content='ocr_page ocr_carea ocr_par ocr_line ocrx_word'/>
</head>
<body>
  <div class='ocr_page' id='page_1' title='image "./ccorneliitaciti00lallgoog_0226.png"; bbox 0 0 2100 3650; ppageno 0'>
   <div class='ocr_carea' id='block_1_1' title="bbox 217 302 817 395">
    <p class='ocr_par' dir='ltr' id='par_1_1' title="bbox 217 302 817 395">
     <span class='ocr_line' id='line_1_1' title="bbox 217 302 817 395; baseline 0.012 -25"><span class='ocrx_word' id='word_1_1' title='bbox 217 310 220 316; x_wconf 82' lang='lat'>&#39;</span> <span class='ocrx_word' id='word_1_2' title='bbox 269 305 336 395; x_wconf 71' lang='lat'>²¹3</span> <span class='ocrx_word' id='word_1_3' title='bbox 391 302 429 373; x_wconf 90' lang='lat' dir='ltr'>C.</span> <span class='ocrx_word' id='word_1_4' title='bbox 457 304 605 377; x_wconf 70' lang='lat' dir='ltr'>Corn.</span> <span class='ocrx_word' id='word_1_5' title='bbox 637 306 817 377; x_wconf 78' lang='lat' dir='ltr'>TAcht</span> 
     </span>
    </p>
   </div>
   <div class='ocr_carea' id='block_1_2' title="bbox 264 424 996 2864">
    <p class='ocr_par' dir='ltr' id='par_1_2' title="bbox 264 424 996 1073">
     <span class='ocr_line' id='line_1_2' title="bbox 266 424 976 506; baseline 0.014 -23"><span class='ocrx_word' id='word_1_6' title='bbox 266 424 457 505; x_wconf 83' lang='lat' dir='ltr'>abnuentique</span> <span class='ocrx_word' id='word_1_7' title='bbox 478 448 545 487; x_wconf 80' lang='lat' dir='ltr'>vera</span> <span class='ocrx_word' id='word_1_8' title='bbox 570 444 629 487; x_wconf 85' lang='lat' dir='ltr'>esse</span> <span class='ocrx_word' id='word_1_9' title='bbox 650 448 707 504; x_wconf 78' lang='lat' dir='ltr'>qua</span> <span class='ocrx_word' id='word_1_10' title='bbox 729 430 876 506; x_wconf 78' lang='lat' dir='ltr'>adferret,</span> <span class='ocrx_word' id='word_1_11' title='bbox 893 448 944 491; x_wconf 57' lang='lat' dir='ltr'>ata</span> <span class='ocrx_word' id='word_1_12' title='bbox 974 486 976 493; x_wconf 79' lang='grc'><strong><em>,</em></strong></span> 
     </span>
     <span class='ocr_line' id='line_1_3' title="bbox 266 505 944 589; baseline 0.012 -27"><span class='ocrx_word' id='word_1_13' title='bbox 266 524 321 585; x_wconf 90' lang='lat' dir='ltr'>que</span> <span class='ocrx_word' id='word_1_14' title='bbox 343 505 415 565; x_wconf 86' lang='lat' dir='ltr'>ultro</span> <span class='ocrx_word' id='word_1_15' title='bbox 433 526 584 582; x_wconf 81' lang='lat' dir='ltr'>corruptum</span> <span class='ocrx_word' id='word_1_16' title='bbox 606 510 754 589; x_wconf 81' lang='lat' dir='ltr'>arguenti3</span> <span class='ocrx_word' id='word_1_17' title='bbox 776 514 944 589; x_wconf 77' lang='lat' dir='ltr'>quandoqui-</span> 
     </span>
     <span class='ocr_line' id='line_1_4' title="bbox 265 586 996 673; baseline 0.008 -28"><span class='ocrx_word' id='word_1_18' title='bbox 265 589 347 655; x_wconf 79' lang='lat' dir='ltr'>dem,</span> <span class='ocrx_word' id='word_1_19' title='bbox 377 586 487 668; x_wconf 86' lang='lat' dir='ltr'>inquit,</span> <span class='ocrx_word' id='word_1_20' title='bbox 504 610 603 667; x_wconf 77' lang='lat' dir='ltr'>magno</span> <span class='ocrx_word' id='word_1_21' title='bbox 623 592 779 649; x_wconf 82' lang='lat' dir='ltr'>documento</span> <span class='ocrx_word' id='word_1_22' title='bbox 800 613 866 665; x_wconf 83' lang='lat' dir='ltr'>opus</span> <span class='ocrx_word' id='word_1_23' title='bbox 886 595 944 673; x_wconf 78' lang='lat' dir='ltr'>est,</span> <span class='ocrx_word' id='word_1_24' title='bbox 992 586 996 591; x_wconf 46' lang='lat'>¹</span> 
     </span>
     <span class='ocr_line' id='line_1_5' title="bbox 265 667 945 751; baseline 0.009 -24"><span class='ocrx_word' id='word_1_25' title='bbox 265 688 313 727; x_wconf 86' lang='lat' dir='ltr'>nec</span> <span class='ocrx_word' id='word_1_26' title='bbox 339 667 414 728; x_wconf 84' lang='lat' dir='ltr'>alius</span> <span class='ocrx_word' id='word_1_27' title='bbox 433 670 499 751; x_wconf 85' lang='lat' dir='ltr'>jam</span> <span class='ocrx_word' id='word_1_28' title='bbox 522 671 574 728; x_wconf 82' lang='lat' dir='ltr'>tibi</span> <span class='ocrx_word' id='word_1_29' title='bbox 600 686 648 729; x_wconf 81' lang='lat' dir='ltr'>aut</span> <span class='ocrx_word' id='word_1_30' title='bbox 665 672 752 741; x_wconf 76' lang='lat' dir='ltr'>vite,</span> <span class='ocrx_word' id='word_1_31' title='bbox 776 690 829 729; x_wconf 80' lang='lat' dir='ltr'>aut.</span> <span class='ocrx_word' id='word_1_32' title='bbox 847 676 945 733; x_wconf 80' lang='lat' dir='ltr'>monis</span> 
     </span>
     <span class='ocr_line' id='line_1_6' title="bbox 264 749 944 831; baseline 0.01 -25"><span class='ocrx_word' id='word_1_33' title='bbox 264 768 329 806; x_wconf 84' lang='lat' dir='ltr'>meae</span> <span class='ocrx_word' id='word_1_34' title='bbox 352 770 439 820; x_wconf 83' lang='lat' dir='ltr'>usus,</span> <span class='ocrx_word' id='word_1_35' title='bbox 465 749 535 815; x_wconf 80' lang='lat' dir='ltr'>dabo</span> <span class='ocrx_word' id='word_1_36' title='bbox 558 752 602 809; x_wconf 84' lang='lat' dir='ltr'>cui</span> <span class='ocrx_word' id='word_1_37' title='bbox 632 754 724 812; x_wconf 81' lang='lat' dir='ltr'>credas</span> <span class='ocrx_word' id='word_1_38' title='bbox 756 774 767 807; x_wconf 91' lang='lat'>.·</span> <span class='ocrx_word' id='word_1_39' title='bbox 793 770 877 831; x_wconf 87' lang='lat' dir='ltr'>atque</span> <span class='ocrx_word' id='word_1_40' title='bbox 903 756 944 813; x_wconf 91' lang='lat' dir='ltr'>ita</span> 
     </span>
     <span class='ocr_line' id='line_1_7' title="bbox 264 827 943 910; baseline 0.009 -22"><span class='ocrx_word' id='word_1_41' title='bbox 264 827 422 910; x_wconf 83' lang='lat' dir='ltr'>digressus,</span> <span class='ocrx_word' id='word_1_42' title='bbox 435 828 595 891; x_wconf 65' lang='lat' dir='ltr'>voluntarii</span> <span class='ocrx_word' id='word_1_43' title='bbox 613 851 703 891; x_wconf 85' lang='lat' dir='ltr'>morte</span> <span class='ocrx_word' id='word_1_44' title='bbox 721 830 795 891; x_wconf 69' lang='lat' dir='ltr'>dieta</span> <span class='ocrx_word' id='word_1_45' title='bbox 810 830 943 894; x_wconf 82' lang='lat' dir='ltr'>firrnavit.</span> 
     </span>
     <span class='ocr_line' id='line_1_8' title="bbox 266 908 943 992; baseline 0.01 -25"><span class='ocrx_word' id='word_1_46' title='bbox 266 908 396 987; x_wconf 86' lang='lat' dir='ltr'>Quidam</span> <span class='ocrx_word' id='word_1_47' title='bbox 404 912 488 992; x_wconf 84' lang='lat' dir='ltr'>jussu</span> <span class='ocrx_word' id='word_1_48' title='bbox 508 912 624 983; x_wconf 77' lang='lat' dir='ltr'>Vitellii</span> <span class='ocrx_word' id='word_1_49' title='bbox 638 914 826 991; x_wconf 61' lang='lat' dir='ltr'>interfellum</span> <span class='ocrx_word' id='word_1_50' title='bbox 840 911 943 974; x_wconf 81' lang='lat' dir='ltr'>deiide</span> 
     </span>
     <span class='ocr_line' id='line_1_9' title="bbox 266 988 759 1073; baseline 0.004 -22"><span class='ocrx_word' id='word_1_51' title='bbox 266 988 479 1073; x_wconf 83' lang='lat' dir='ltr'>constantiaque</span> <span class='ocrx_word' id='word_1_52' title='bbox 494 992 595 1053; x_wconf 87' lang='lat' dir='ltr'>eadem</span> <span class='ocrx_word' id='word_1_53' title='bbox 614 993 759 1055; x_wconf 83' lang='lat' dir='ltr'>tradidere.</span> 
     </span>
    </p>

    <p class='ocr_par' dir='ltr' id='par_1_3' title="bbox 265 1072 952 2864">
     <span class='ocr_line' id='line_1_10' title="bbox 307 1072 944 1149; baseline 0.009 -18"><span class='ocrx_word' id='word_1_54' title='bbox 307 1072 372 1134; x_wconf 86' lang='lat' dir='ltr'>LV.</span> <span class='ocrx_word' id='word_1_55' title='bbox 404 1074 563 1144; x_wconf 81' lang='lat' dir='ltr'>Vitellius,</span> <span class='ocrx_word' id='word_1_56' title='bbox 590 1093 620 1135; x_wconf 93' lang='lat' dir='ltr'>ut</span> <span class='ocrx_word' id='word_1_57' title='bbox 647 1096 663 1134; x_wconf 90' lang='lat' dir='ltr'>e</span> <span class='ocrx_word' id='word_1_58' title='bbox 690 1096 792 1135; x_wconf 86' lang='lat' dir='ltr'>somno</span> <span class='ocrx_word' id='word_1_59' title='bbox 821 1078 944 1149; x_wconf 87' lang='lat' dir='ltr'>excitus,</span> 
     </span>
     <span class='ocr_line' id='line_1_11' title="bbox 265 1153 945 1229; baseline 0.004 -14"><span class='ocrx_word' id='word_1_60' title='bbox 265 1153 369 1215; x_wconf 72' lang='lat' dir='ltr'>Iulium</span> <span class='ocrx_word' id='word_1_61' title='bbox 381 1154 509 1216; x_wconf 86' lang='lat' dir='ltr'>Priscum</span> <span class='ocrx_word' id='word_1_62' title='bbox 516 1200 525 1228; x_wconf 91' lang='lat'>,</span> <span class='ocrx_word' id='word_1_63' title='bbox 538 1153 565 1217; x_wconf 66' lang='grc' dir='ltr'><strong><em>ἃ</em></strong></span> <span class='ocrx_word' id='word_1_64' title='bbox 576 1154 731 1229; x_wconf 78' lang='lat' dir='ltr'>Alphenum</span> <span class='ocrx_word' id='word_1_65' title='bbox 748 1156 782 1215; x_wconf 92' lang='lat' dir='ltr'><em>V</em></span> <span class='ocrx_word' id='word_1_66' title='bbox 776 1180 870 1228; x_wconf 84' lang='lat' dir='ltr'>arum,</span> <span class='ocrx_word' id='word_1_67' title='bbox 885 1180 945 1218; x_wconf 84' lang='lat' dir='ltr'>cum</span> 
     </span>
     <span class='ocr_line' id='line_1_12' title="bbox 266 1235 946 1313; baseline 0.006 -20"><span class='ocrx_word' id='word_1_68' title='bbox 266 1239 465 1313; x_wconf 83' lang='lat' dir='ltr'>quatuordecim</span> <span class='ocrx_word' id='word_1_69' title='bbox 471 1238 608 1313; x_wconf 75' lang='lat' dir='ltr'>pretoriis</span> <span class='ocrx_word' id='word_1_70' title='bbox 622 1235 797 1306; x_wconf 82' lang='lat' dir='ltr'>cohortibus,</span> <span class='ocrx_word' id='word_1_71' title='bbox 813 1236 839 1297; x_wconf 70' lang='grc' dir='ltr'>δ’</span> <span class='ocrx_word' id='word_1_72' title='bbox 854 1241 946 1299; x_wconf 76' lang='lat' dir='ltr'>omni·</span> 
     </span>
     <span class='ocr_line' id='line_1_13' title="bbox 267 1316 947 1397; baseline 0.006 -22"><span class='ocrx_word' id='word_1_73' title='bbox 267 1317 316 1375; x_wconf 85' lang='lat' dir='ltr'>bus</span> <span class='ocrx_word' id='word_1_74' title='bbox 336 1318 453 1395; x_wconf 83' lang='lat' dir='ltr'>equitum</span> <span class='ocrx_word' id='word_1_75' title='bbox 475 1319 531 1380; x_wconf 78' lang='lat' dir='ltr'>alis</span> <span class='ocrx_word' id='word_1_76' title='bbox 550 1316 671 1378; x_wconf 84' lang='lat' dir='ltr'>obsidere</span> <span class='ocrx_word' id='word_1_77' title='bbox 697 1316 886 1392; x_wconf 77' lang='lat' dir='ltr'><em>Apenninum</em></span> <span class='ocrx_word' id='word_1_78' title='bbox 900 1325 947 1397; x_wconf 85' lang='lat' dir='ltr'>ju·</span> 
     </span>
     <span class='ocr_line' id='line_1_14' title="bbox 267 1396 947 1481; baseline 0.01 -24"><span class='ocrx_word' id='word_1_79' title='bbox 267 1396 325 1458; x_wconf 86' lang='lat' dir='ltr'>bet.</span> <span class='ocrx_word' id='word_1_80' title='bbox 349 1398 451 1458; x_wconf 83' lang='lat' dir='ltr'>Secuta</span> <span class='ocrx_word' id='word_1_81' title='bbox 474 1419 489 1457; x_wconf 90' lang='lat' dir='ltr'>e</span> <span class='ocrx_word' id='word_1_82' title='bbox 512 1398 632 1459; x_wconf 82' lang='lat' dir='ltr'>classicis</span> <span class='ocrx_word' id='word_1_83' title='bbox 655 1399 742 1481; x_wconf 84' lang='lat' dir='ltr'>legio.</span> <span class='ocrx_word' id='word_1_84' title='bbox 768 1398 830 1459; x_wconf 89' lang='lat' dir='ltr'>Tot</span> <span class='ocrx_word' id='word_1_85' title='bbox 853 1401 947 1464; x_wconf 82' lang='lat' dir='ltr'>millia</span> 
     </span>
     <span class='ocr_line' id='line_1_15' title="bbox 268 1479 948 1561; baseline 0.009 -24"><span class='ocrx_word' id='word_1_86' title='bbox 268 1497 461 1549; x_wconf 79' lang='lat' dir='ltr'>armatorum,</span> <span class='ocrx_word' id='word_1_87' title='bbox 483 1479 556 1541; x_wconf 64' lang='lat' dir='ltr'>ledia</span> <span class='ocrx_word' id='word_1_88' title='bbox 582 1482 661 1561; x_wconf 88' lang='lat' dir='ltr'>equis</span> <span class='ocrx_word' id='word_1_89' title='bbox 679 1482 822 1561; x_wconf 86' lang='lat' dir='ltr'>vitisque,</span> <span class='ocrx_word' id='word_1_90' title='bbox 843 1480 948 1543; x_wconf 53' lang='lat' dir='ltr'>sitdux</span> 
     </span>
     <span class='ocr_line' id='line_1_16' title="bbox 268 1558 948 1643; baseline 0.003 -23"><span class='ocrx_word' id='word_1_91' title='bbox 268 1559 340 1620; x_wconf 89' lang='lat' dir='ltr'>alius</span> <span class='ocrx_word' id='word_1_92' title='bbox 362 1558 454 1632; x_wconf 75' lang='lat' dir='ltr'>foret,</span> <span class='ocrx_word' id='word_1_93' title='bbox 481 1559 628 1621; x_wconf 85' lang='lat' dir='ltr'>inferendo</span> <span class='ocrx_word' id='word_1_94' title='bbox 649 1582 763 1643; x_wconf 89' lang='lat' dir='ltr'>quoque</span> <span class='ocrx_word' id='word_1_95' title='bbox 785 1560 861 1621; x_wconf 92' lang='lat' dir='ltr'>bello</span> <span class='ocrx_word' id='word_1_96' title='bbox 881 1563 948 1623; x_wconf 86' lang='lat' dir='ltr'>satis</span> 
     </span>
     <span class='ocr_line' id='line_1_17' title="bbox 268 1639 948 1723; baseline 0.006 -24"><span class='ocrx_word' id='word_1_97' title='bbox 268 1641 422 1723; x_wconf 79' lang='lat' dir='ltr'>pollebant</span> <span class='ocrx_word' id='word_1_98' title='bbox 450 1641 559 1703; x_wconf 84' lang='lat' dir='ltr'>Ceterae</span> <span class='ocrx_word' id='word_1_99' title='bbox 579 1639 727 1712; x_wconf 85' lang='lat' dir='ltr'>cohortes,</span> <span class='ocrx_word' id='word_1_100' title='bbox 750 1642 786 1701; x_wconf 86' lang='lat' dir='ltr'>ad</span> <span class='ocrx_word' id='word_1_101' title='bbox 813 1642 948 1704; x_wconf 83' lang='lat' dir='ltr'>ruendam</span> 
     </span>
     <span class='ocr_line' id='line_1_18' title="bbox 270 1722 949 1801; baseline 0.004 -20"><span class='ocrx_word' id='word_1_102' title='bbox 270 1722 388 1794; x_wconf 89' lang='lat' dir='ltr'>urbem,</span> <span class='ocrx_word' id='word_1_103' title='bbox 408 1724 444 1783; x_wconf 86' lang='lat' dir='ltr'>L.</span> <span class='ocrx_word' id='word_1_104' title='bbox 465 1724 586 1785; x_wconf 85' lang='lat' dir='ltr'>Vitellio</span> <span class='ocrx_word' id='word_1_105' title='bbox 605 1722 682 1783; x_wconf 82' lang='lat' dir='ltr'>fratri</span> <span class='ocrx_word' id='word_1_106' title='bbox 706 1723 784 1783; x_wconf 81' lang='lat' dir='ltr'>datae.</span> <span class='ocrx_word' id='word_1_107' title='bbox 810 1723 887 1801; x_wconf 78' lang='lat' dir='ltr'>Ipse,</span> <span class='ocrx_word' id='word_1_108' title='bbox 906 1727 949 1784; x_wconf 86' lang='lat' dir='ltr'>ni·</span> 
     </span>
     <span class='ocr_line' id='line_1_19' title="bbox 268 1800 950 1876; baseline 0.004 -12"><span class='ocrx_word' id='word_1_109' title='bbox 268 1800 312 1864; x_wconf 89' lang='lat' dir='ltr'>hil</span> <span class='ocrx_word' id='word_1_110' title='bbox 332 1827 347 1865; x_wconf 92' lang='lat' dir='ltr'>e</span> <span class='ocrx_word' id='word_1_111' title='bbox 369 1805 453 1874; x_wconf 76' lang='lat' dir='ltr'>solito</span> <span class='ocrx_word' id='word_1_112' title='bbox 475 1805 543 1866; x_wconf 87' lang='lat' dir='ltr'>luxu</span> <span class='ocrx_word' id='word_1_113' title='bbox 559 1806 702 1868; x_wconf 86' lang='lat' dir='ltr'>remittens</span> <span class='ocrx_word' id='word_1_114' title='bbox 711 1849 722 1876; x_wconf 87' lang='lat'>,</span> <span class='ocrx_word' id='word_1_115' title='bbox 742 1812 769 1866; x_wconf 71' lang='grc' dir='ltr'>δι</span> <span class='ocrx_word' id='word_1_116' title='bbox 793 1803 950 1867; x_wconf 71' lang='lat' dir='ltr'>diffidentii</span> 
     </span>
     <span class='ocr_line' id='line_1_20' title="bbox 268 1885 950 1970; baseline 0.001 -24"><span class='ocrx_word' id='word_1_117' title='bbox 268 1908 422 1970; x_wconf 72' lang='lat' dir='ltr'>properus,</span> <span class='ocrx_word' id='word_1_118' title='bbox 446 1885 575 1948; x_wconf 82' lang='lat' dir='ltr'>festinare</span> <span class='ocrx_word' id='word_1_119' title='bbox 596 1889 731 1956; x_wconf 87' lang='lat' dir='ltr'>comitia,</span> <span class='ocrx_word' id='word_1_120' title='bbox 755 1887 857 1968; x_wconf 89' lang='lat' dir='ltr'>quibus</span> <span class='ocrx_word' id='word_1_121' title='bbox 882 1909 950 1947; x_wconf 84' lang='lat' dir='ltr'>con·</span> 
     </span>
     <span class='ocr_line' id='line_1_21' title="bbox 271 1965 949 2042; baseline 0.001 -12"><span class='ocrx_word' id='word_1_122' title='bbox 271 1970 343 2030; x_wconf 85' lang='lat' dir='ltr'>sules</span> <span class='ocrx_word' id='word_1_123' title='bbox 361 1970 391 2028; x_wconf 90' lang='lat' dir='ltr'>in</span> <span class='ocrx_word' id='word_1_124' title='bbox 407 1969 511 2029; x_wconf 88' lang='lat' dir='ltr'>multos</span> <span class='ocrx_word' id='word_1_125' title='bbox 531 1990 621 2042; x_wconf 76' lang='lat' dir='ltr'>annos</span> <span class='ocrx_word' id='word_1_126' title='bbox 639 1965 795 2028; x_wconf 81' lang='lat' dir='ltr'>destinabat</span> <span class='ocrx_word' id='word_1_127' title='bbox 815 1991 822 2026; x_wconf 91' lang='lat'><strong>:</strong></span> <span class='ocrx_word' id='word_1_128' title='bbox 841 1967 949 2031; x_wconf 64' lang='lat' dir='ltr'>federa</span> 
     </span>
     <span class='ocr_line' id='line_1_22' title="bbox 271 2046 950 2130; baseline -0.006 -18"><span class='ocrx_word' id='word_1_129' title='bbox 271 2052 374 2120; x_wconf 83' lang='lat' dir='ltr'>sociis,</span> <span class='ocrx_word' id='word_1_130' title='bbox 392 2051 507 2110; x_wconf 89' lang='lat' dir='ltr'>Latium</span> <span class='ocrx_word' id='word_1_131' title='bbox 529 2051 647 2108; x_wconf 86' lang='lat' dir='ltr'>externis</span> <span class='ocrx_word' id='word_1_132' title='bbox 666 2049 815 2130; x_wconf 84' lang='lat' dir='ltr'>dilargiri:</span> <span class='ocrx_word' id='word_1_133' title='bbox 837 2046 950 2108; x_wconf 81' lang='lat' dir='ltr'>histri·</span> 
     </span>
     <span class='ocr_line' id='line_1_23' title="bbox 272 2127 947 2205; baseline -0.007 -14"><span class='ocrx_word' id='word_1_134' title='bbox 272 2132 342 2192; x_wconf 85' lang='lat' dir='ltr'>buta</span> <span class='ocrx_word' id='word_1_135' title='bbox 365 2130 527 2200; x_wconf 70' lang='lat' dir='ltr'>dimitterer</span> <span class='ocrx_word' id='word_1_136' title='bbox 554 2130 624 2190; x_wconf 87' lang='lat' dir='ltr'>alios</span> <span class='ocrx_word' id='word_1_137' title='bbox 645 2127 871 2188; x_wconf 85' lang='lat' dir='ltr'>immunitatibus</span> <span class='ocrx_word' id='word_1_138' title='bbox 896 2134 947 2205; x_wconf 84' lang='lat' dir='ltr'>ju-</span> 
     </span>
     <span class='ocr_line' id='line_1_24' title="bbox 272 2206 948 2292; baseline -0.012 -19"><span class='ocrx_word' id='word_1_139' title='bbox 272 2233 339 2273; x_wconf 78' lang='lat' dir='ltr'>vare</span> <span class='ocrx_word' id='word_1_140' title='bbox 361 2235 368 2272; x_wconf 84' lang='lat' dir='ltr'>t</span> <span class='ocrx_word' id='word_1_141' title='bbox 394 2212 515 2292; x_wconf 88' lang='lat' dir='ltr'>denique</span> <span class='ocrx_word' id='word_1_142' title='bbox 540 2208 617 2270; x_wconf 71' lang='lat' dir='ltr'>nulli</span> <span class='ocrx_word' id='word_1_143' title='bbox 641 2210 672 2268; x_wconf 89' lang='lat' dir='ltr'>in</span> <span class='ocrx_word' id='word_1_144' title='bbox 699 2206 838 2288; x_wconf 84' lang='lat' dir='ltr'>posterum</span> <span class='ocrx_word' id='word_1_145' title='bbox 861 2207 948 2280; x_wconf 71' lang='lat' dir='ltr'>curi,</span> 
     </span>
     <span class='ocr_line' id='line_1_25' title="bbox 269 2287 948 2374; baseline -0.01 -18"><span class='ocrx_word' id='word_1_146' title='bbox 269 2296 390 2356; x_wconf 80' lang='lat' dir='ltr'>lacerare</span> <span class='ocrx_word' id='word_1_147' title='bbox 405 2295 563 2374; x_wconf 84' lang='lat' dir='ltr'>imperium.</span> <span class='ocrx_word' id='word_1_148' title='bbox 581 2288 637 2350; x_wconf 89' lang='lat' dir='ltr'>Sed</span> <span class='ocrx_word' id='word_1_149' title='bbox 654 2289 755 2373; x_wconf 81' lang='lat' dir='ltr'>vulgus</span> <span class='ocrx_word' id='word_1_150' title='bbox 771 2287 807 2348; x_wconf 87' lang='lat' dir='ltr'>ad</span> <span class='ocrx_word' id='word_1_151' title='bbox 828 2291 948 2372; x_wconf 83' lang='lat' dir='ltr'>magni·</span> 
     </span>
     <span class='ocr_line' id='line_1_26' title="bbox 271 2368 950 2452; baseline -0.012 -12"><span class='ocrx_word' id='word_1_152' title='bbox 271 2377 400 2440; x_wconf 82' lang='lat' dir='ltr'>tudinem</span> <span class='ocrx_word' id='word_1_153' title='bbox 417 2371 617 2435; x_wconf 87' lang='lat' dir='ltr'>beneficiorum</span> <span class='ocrx_word' id='word_1_154' title='bbox 634 2369 729 2432; x_wconf 87' lang='lat' dir='ltr'>aderat</span> <span class='ocrx_word' id='word_1_155' title='bbox 746 2394 753 2428; x_wconf 82' lang='lat' dir='ltr'>r</span> <span class='ocrx_word' id='word_1_156' title='bbox 772 2368 950 2452; x_wconf 82' lang='lat' dir='ltr'>stultissimus</span> 
     </span>
     <span class='ocr_line' id='line_1_27' title="bbox 271 2451 952 2542; baseline -0.012 -22"><span class='ocrx_word' id='word_1_157' title='bbox 271 2462 391 2542; x_wconf 83' lang='lat' dir='ltr'>quisque</span> <span class='ocrx_word' id='word_1_158' title='bbox 416 2455 540 2537; x_wconf 85' lang='lat' dir='ltr'>pecuniis</span> <span class='ocrx_word' id='word_1_159' title='bbox 567 2453 741 2514; x_wconf 81' lang='lat' dir='ltr'>mercabatur</span> <span class='ocrx_word' id='word_1_160' title='bbox 770 2475 776 2510; x_wconf 89' lang='lat'>:</span> <span class='ocrx_word' id='word_1_161' title='bbox 802 2451 877 2531; x_wconf 83' lang='lat' dir='ltr'>apud</span> <span class='ocrx_word' id='word_1_162' title='bbox 905 2473 952 2512; x_wconf 85' lang='lat' dir='ltr'>sa-</span> 
     </span>
     <span class='ocr_line' id='line_1_28' title="bbox 272 2532 950 2622; baseline -0.013 -22"><span class='ocrx_word' id='word_1_163' title='bbox 272 2544 381 2622; x_wconf 80' lang='lat' dir='ltr'>pientes</span> <span class='ocrx_word' id='word_1_164' title='bbox 395 2559 473 2600; x_wconf 86' lang='lat' dir='ltr'>cassa</span> <span class='ocrx_word' id='word_1_165' title='bbox 487 2535 680 2606; x_wconf 83' lang='lat' dir='ltr'>habebantur,</span> <span class='ocrx_word' id='word_1_166' title='bbox 696 2556 757 2616; x_wconf 85' lang='lat' dir='ltr'>quae</span> <span class='ocrx_word' id='word_1_167' title='bbox 771 2553 861 2614; x_wconf 88' lang='lat' dir='ltr'>neque</span> <span class='ocrx_word' id='word_1_168' title='bbox 872 2532 950 2606; x_wconf 86' lang='lat' dir='ltr'>dari,</span> 
     </span>
     <span class='ocr_line' id='line_1_29' title="bbox 275 2614 949 2702; baseline -0.009 -21"><span class='ocrx_word' id='word_1_169' title='bbox 275 2642 371 2702; x_wconf 72' lang='lat' dir='ltr'>neque,</span> <span class='ocrx_word' id='word_1_170' title='bbox 391 2621 504 2699; x_wconf 84' lang='lat' dir='ltr'>accipi,</span> <span class='ocrx_word' id='word_1_171' title='bbox 532 2615 609 2678; x_wconf 75' lang='lat' dir='ltr'>salvi</span> <span class='ocrx_word' id='word_1_172' title='bbox 629 2614 789 2696; x_wconf 69' lang='lat' dir='ltr'>republicb‚</span> <span class='ocrx_word' id='word_1_173' title='bbox 812 2633 949 2694; x_wconf 85' lang='lat' dir='ltr'>poterant.</span> 
     </span>
     <span class='ocr_line' id='line_1_30' title="bbox 275 2695 951 2782; baseline -0.012 -19"><span class='ocrx_word' id='word_1_174' title='bbox 275 2703 407 2763; x_wconf 83' lang='lat' dir='ltr'>Tandem</span> <span class='ocrx_word' id='word_1_175' title='bbox 436 2702 581 2782; x_wconf 81' lang='lat' dir='ltr'>flagitante</span> <span class='ocrx_word' id='word_1_176' title='bbox 611 2699 750 2768; x_wconf 85' lang='lat' dir='ltr'>exercitu,</span> <span class='ocrx_word' id='word_1_177' title='bbox 774 2698 824 2776; x_wconf 90' lang='lat' dir='ltr'>qui</span> <span class='ocrx_word' id='word_1_178' title='bbox 847 2695 951 2755; x_wconf 79' lang='lat' dir='ltr'>Meva-</span> 
     </span>
     <span class='ocr_line' id='line_1_31' title="bbox 270 2778 951 2864; baseline -0.015 -19"><span class='ocrx_word' id='word_1_179' title='bbox 270 2786 354 2850; x_wconf 81' lang='lat' dir='ltr'>niam</span> <span class='ocrx_word' id='word_1_180' title='bbox 362 2782 516 2854; x_wconf 79' lang='lat' dir='ltr'>insederat,</span> <span class='ocrx_word' id='word_1_181' title='bbox 524 2800 632 2864; x_wconf 83' lang='lat' dir='ltr'>magno</span> <span class='ocrx_word' id='word_1_182' title='bbox 645 2795 804 2840; x_wconf 86' lang='lat' dir='ltr'>senatorum</span> <span class='ocrx_word' id='word_1_183' title='bbox 817 2778 951 2859; x_wconf 83' lang='lat' dir='ltr'>agmine,</span> 
     </span>
    </p>
   </div>
   <div class='ocr_carea' id='block_1_3' title="bbox 0 0 1064 3650">
    <p class='ocr_par' dir='ltr' id='par_1_4' title="bbox 0 0 1064 3650">
     <span class='ocr_line' id='line_1_32' title="bbox 0 0 1064 3650; baseline 0 0"><span class='ocrx_word' id='word_1_184' title='bbox 0 0 1064 3650; x_wconf 95' lang='lat' dir='ltr'> </span> 
     </span>
    </p>
   </div>
  </div>
 </body>
</html>
