2100 3650
232 280 547 350 Hrsaorrnanun
560 280 687 348 ΗΒΑ.
749 302 795 369 41

120 403 296 482 proximos,
322 419 424 460 certare
456 421 520 460 cum
548 399 798 480 praecurrentibus,

118 485 264 562 increpare
285 481 433 551 Galbam,
450 481 563 541 laudare
579 482 704 540 militum
721 481 798 560 judie

119 565 199 620 tium
212 603 222 633 ,
235 563 392 622 exosculari
405 559 533 622 Othonis
550 583 668 638 manum
684 585 690 618 :
707 583 798 642 quau·

119 640 210 724 tbque
238 643 330 724 magis
362 641 434 702 falsa
460 662 559 713 erant,
585 663 647 722 quae
670 639 795 715 fiebant,

120 723 203 782 tanti>
216 723 293 803 plura
304 723 405 784 faterer
424 721 486 782 Nec
504 722 722 803 adspernabatur
736 725 795 782 sin·

117 805 203 886 gulos
216 801 316 874 Otho,
330 804 444 864 avidum
463 813 491 864 δι
510 805 650 864 minacem
670 804 794 865 militum

119 886 272 954 animum,
295 905 365 944 voce
388 885 521 964 vultuque
540 903 708 963 temperans.
723 884 794 946 Ma·
821 954 826 959 ,

117 966 195 1024 rium
221 965 360 1037 Celsum,
385 965 531 1024 consulem
552 964 745 1047 designatum,
765 975 794 1026 δι

118 1045 223 1106 Galbae
246 1066 332 1127 usque
351 1048 382 1103 in
400 1065 536 1104 extremas
556 1066 600 1104 res
615 1047 740 1104 amicum
757 1044 793 1104 fi-

118 1125 270 1206 dumque,
295 1127 331 1187 acl
359 1126 528 1206 suppliciunt
553 1127 793 1206 expostulabant,

116 1206 262 1266 industrie
277 1213 335 1287 ejus
352 1208 596 1287 innocentiaeque,
633 1208 695 1266 nasi
709 1208 794 1267 malis

116 1288 248 1356 artibus,
267 1288 377 1347 infensi.
399 1287 495 1349 Caedis
515 1297 543 1348 &
565 1229 718 1368 prelatum
737 1289 794 1348 ini·

116 1371 214 1438 tium,
237 1376 265 1427 &
286 1371 395 1448 optimo
417 1370 517 1450 cuique
534 1371 686 1448 pernitiem
708 1371 794 1450 quaeri

117 1448 273 1529 apparebat
295 1449 366 1508 :sed
392 1447 505 1508 Othoni
519 1450 647 1510 nondum
665 1453 792 1510 austori-

116 1547 161 1602 ¹tas
182 1532 274 1589 inerat
293 1528 330 1590 ad
349 1527 556 1608 prohibendum
575 1532 663 1591 scelus
669 1554 679 1603 3
695 1531 793 1610 jubere

117 1615 178 1690 jam
198 1611 379 1689 poteratlta
402 1611 580 1671 simulatione
602 1614 669 1682 irae,
689 1613 793 1672 vinciri

115 1697 250 1772 jussum,
271 1700 298 1752 δι
321 1695 435 1773 majores
451 1715 548 1766 puras
564 1694 688 1751 daturum
707 1689 794 1752 adfir-

116 1792 226 1844 mans,
249 1775 375 1852 presenti
396 1774 482 1839 exitio
511 1772 655 1833 subtraxit.
681 1771 793 1835 Omnia

118 1852 221 1913 deiude
244 1854 359 1913 arbitrio
377 1856 499 1915 militum
518 1858 589 1913 abta.

158 1934 269 1995 XLVI.
295 1935 418 1994 Praetorii
439 1933 582 2014 praefectos
604 1934 658 1993 sibi
674 1935 728 2013 ipsi
744 1934 791 1999 le-.

55 2054 62 2063 «
118 2015 185 2097 gire
214 2038 221 2072 :
247 2015 371 2076 Plotium
394 2017 519 2075 Firmum
541 2015 791 2093 emanipularibus

118 2095 291 2176 quondam,
313 2114 374 2157 tum
394 2097 528 2179 vigilibus
547 2096 724 2176 praepositum
736 2107 792 2168 ,δι

118 2178 259 2237 incolumi
281 2174 372 2235 adhuc
393 2176 488 2237 Galbi
504 2197 594 2257 partes
611 2174 737 2237 Othonis
747 2199 793 2237 se-

118 2276 214 2317 eutum
232 2281 238 2315 :
256 2256 416 2339 adjungitur
431 2258 559 2321 Licinius
577 2259 728 2327 Proculus,
749 2260 793 2318 in·

118 2338 190 2399 timi
203 2338 395 2399 familiaritate
408 2336 553 2409 Othonis,
572 2342 711 2417 suspectus
721 2360 792 2398 con-

118 2420 181 2480 silia
202 2423 261 2497 ejus
284 2418 394 2479 fovisse.
418 2420 492 2480 Urbi
510 2420 639 2479 Flauium
653 2418 791 2479 Sabinum

118 2500 285 2580 praefecere,
308 2498 444 2578 judicium
466 2499 589 2559 Neronis
609 2500 714 2570 secuti,
737 2500 790 2560 sub

119 2602 178 2660 quo
190 2579 322 2640 eamdem
338 2600 432 2641 curam
449 2580 608 2641 obtinuerat
627 2602 637 2636 τ
653 2579 791 2660 plerisque

115 2661 327 2739 ,Vespasianum
342 2660 455 2719 fratrem
474 2662 504 2719 in
525 2683 559 2720 eo
571 2658 789 2737 respicientibus.

117 2742 316 2827 flagitatum,
340 2760 370 2803 ut
395 2744 571 2813 vacationes,
589 2741 708 2825 prestari
729 2764 793 2803 cen-
