2100 3650
268 346 333 393 122
389 324 426 392 C.
455 324 600 393 Conrr.
633 324 824 392 TAcrrr

262 446 350 507 mani.
374 444 413 504 Et
442 442 560 503 ducibus
589 441 715 503 Othonis
744 448 803 523 jam
832 444 942 524 pridem

261 527 406 609 profugis,
421 524 539 586 Caecina
558 546 597 583 at,
605 526 713 585 Valens
727 526 857 586 subsidiis
876 550 942 589 suos

262 608 421 669 firmabant
438 606 563 666 Accessit
582 627 676 666 recens
697 608 851 679 auxilium,
872 611 940 671 Va-

260 712 307 751 rus
319 685 466 769 Alphenus
484 708 550 746 cum
564 687 698 759 Batavis,
718 686 780 748 fusa
799 690 943 772 gladiato·

260 792 325 832 rum
347 791 457 840 manu,
479 789 566 851 quam
588 770 707 829 navibus
732 776 942 845 mammetem,

261 854 399 934 oppositae
420 848 551 910 cohortes
572 851 603 909 in
624 852 686 931 ipso
710 854 827 911 flumine
856 857 944 913 truci·

262 935 406 996 daverant.
431 933 476 993 Ita
505 933 625 992 viliores
649 934 721 993 latus
746 932 870 994 hostium
891 936 941 997 in-

199 1055 202 1064 ·
262 1018 346 1079 vetti.

271 1137 275 1143 .
303 1096 413 1157 XLIV.
433 1096 472 1155 Et
492 1094 587 1155 medii
602 1098 662 1156 acie
680 1096 825 1177 pampeli,
844 1096 942 1182 fuglre

261 1182 369 1324 passim
398 1176 581 1248 Othoniani,
613 1177 779 1237 Bedriacum
807 1198 940 1258 petentes.

209 1257 226 1290 ³
279 1282 439 1321 inmensum
463 1260 493 1320 id
517 1262 638 1339 spatium
659 1284 666 1317 ι
687 1258 832 1319 οδίὶηιᾶπ
852 1258 943 1347 strage

218 1384 226 1390 ,
264 1362 414 1423 corporum
432 1344 485 1401 viae
505 1364 512 1398 z
532 1339 591 1422 qub
614 1342 674 1421 plus
690 1341 771 1401 caedis
792 1342 870 1401 fuit:
892 1366 945 1403 ne-

286 1447 320 1484 ue
342 1427 438 1494 enim,
459 1424 588 1483 civilibus
609 1423 709 1493 bellis,
728 1426 801 1503 capti
824 1426 853 1484 in
879 1446 944 1507 prae·

264 1448 334 1566 iam
362 1524 510 1565 vertuntur.
540 1506 690 1565 Suetonius
722 1505 887 1579 Paullinus,
915 1518 943 1569 &

264 1589 392 1648 Licinius
404 1587 553 1656 Proculus,
573 1586 686 1646 diversis
703 1587 864 1660 itineribus,
882 1610 945 1649 cas-

266 1690 308 1731 tra
329 1673 461 1730 vitavere.
487 1669 615 1727 Vedium
638 1668 774 1749 Aquilam
800 1672 942 1730 tertiaede-

264 1754 346 1813 cimae
371 1752 492 1836 legionis
514 1752 540 1810 le
563 1771 662 1821 atum,
681 1751 726 1808 irae
751 1748 873 1809 militurn
899 1754 946 1813 in-

265 1835 412 1896 consultus
427 1854 515 1915 paror
532 1772 635 1893 ogbtulit
650 1855 657 1890 :
675 1832 766 1891 multo
784 1830 876 1892 adhuc
897 1835 944 1894 die

265 1918 375 1978 vallum
389 1919 543 2000 ingressus,
562 1915 685 1975 clamore
702 1913 898 1975 seditiosorum
916 1927 944 1978 &

266 1999 415 2083 fugacium
443 1994 702 2076 circumstrepitur:
730 2017 788 2054 non
812 1998 943 2075 probris,

267 2101 328 2142 non
342 2080 474 2140 manibus
492 2075 632 2138 abstinent
651 2079 833 2137 :desertorem
845 2083 944 2152 prodi⁴

266 2176 401 2239 roremque
419 2165 563 2241 increpant
572 2182 582 2230 3
601 2159 680 2220 nullo
696 2159 808 2239 proptio
825 2162 945 2221 crimine

267 2250 346 2323 ejus,
362 2242 412 2303 sed
424 2263 504 2302 more
515 2243 615 2325 vulgi,
632 2261 713 2300 suum
726 2242 844 2320 quisque
855 2243 944 2324 flagi-

266 2328 340 2387 tium
362 2324 426 2384 aliis
445 2326 626 2405 objectantes.
652 2321 801 2390 Titianum
821 2331 849 2381 &
873 2324 947 2384 Cel-

268 2428 333 2481 sum
353 2429 411 2466 nox
435 2409 528 2487 juvit,
551 2405 691 2485 dispositis
713 2407 773 2482 jam
795 2405 945 2478 excubiis,

268 2491 490 2570 compressisque
529 2487 693 2556 militibus,
727 2506 797 2566 quos
832 2486 946 2548 Annius

269 2572 372 2632 Gallus
388 2571 534 2651 precibus,
556 2569 694 2638 consilio,
710 2567 875 2626 auctoritate
894 2571 947 2628 fle-

269 2672 368 2721 xerat,
393 2674 428 2710 ete-
450 2673 533 2726 super
557 2652 660 2710 cladem
683 2652 804 2708 adversa
826 2671 945 2728 pugna,

271 2737 385 2794 suismet
393 2734 450 2808 ipsi
458 2732 572 2794 cedibus
579 2734 707 2792 sevirent
715 2754 725 2788 .·
731 2732 866 2809 sivefieu's
875 2733 947 2790 bello

266 2818 457 2897 venisset,seu
468 2835 598 2876 resumere
609 2833 685 2874 arma
695 2812 824 2885 mallent,
835 2813 947 2873 unicum
