2100 3650
182 277 495 350 Hrsronraautt
513 280 598 349 er.
613 276 685 351 ΙΙΙ.
722 298 789 365 217

109 416 146 457 ea
167 397 337 457 Mucianum
362 422 372 456 z
396 400 465 459 inde
505 420 584 461 rates
611 398 766 459 simultates
778 417 789 468 ς

111 499 181 559 quas
197 479 339 538 Antonirn
360 482 534 561 simplicius,
555 482 707 541 Mucianus
726 480 790 539 cal·

110 558 189 628 lidi,
212 558 303 641 eoque
328 559 534 641 implacabilius
551 561 701 621 nutriebat.

153 640 234 701 LIV.
252 643 293 701 At
314 642 470 713 Vitellius,
493 640 589 701 fractu
613 642 689 721 apud
713 640 793 703 Cre·

45 768 47 771 ,
114 740 231 781 nonam
252 722 351 793 rebus,
374 725 492 782 nuncios
515 722 602 783 cladis
620 724 794 795 occultans,

21 847 24 852 -
114 800 195 861 {urle
213 801 454 875 dissimulatione,
478 804 602 864 remedia
622 802 714 885 potitis
733 824 796 865 rna·

114 884 230 953 lorum,
252 880 340 967 quint
368 884 468 955 mala,
493 881 649 945 differebat.
678 884 795 965 Quippe

115 962 262 1030 confitenti
294 966 519 1046 consultantique
548 984 707 1047 supererant
731 984 795 1047 spes

89 1087 91 1095 ·
115 1046 267 1125 viresque:
292 1066 380 1127 quum
401 1068 419 1105 e
441 1048 581 1105 contrario
605 1046 666 1107 laeta
690 1047 795 1109 omnia

117 1123 251 1208 fingeret,
268 1126 347 1187 falsis
362 1128 582 1209 ingravescebat.
594 1126 703 1187 Mirum
718 1124 795 1207 apud

116 1208 208 1287 ipsum
230 1206 265 1265 de
283 1207 360 1267 bello
378 1210 521 1269 silentium
543 1230 550 1267 t
581 1206 719 1290 prohibiti
745 1228 795 1288 pet

117 1289 262 1349 civitatem
288 1310 450 1361 sermones,
476 1288 568 1371 euque
591 1290 680 1370 plures
701 1312 709 1347 r
733 1309 766 1349 ac
779 1335 793 1360 ,

118 1370 276 1440 silicetet,
298 1392 364 1431 vcra
384 1373 541 1441 narraturi,
565 1372 632 1453 qtria
651 1368 793 1431 vetaban-

117 1467 163 1511 tur
178 1496 190 1520 ,
218 1452 356 1511 atrociora
391 1453 586 1532 vulgaverant.
619 1451 682 1512 Nec
712 1450 798 1513 duces

118 1528 244 1591 hostiurn
273 1532 406 1615 augendae
434 1532 518 1593 faraae
543 1532 676 1603 deerant,
699 1552 800 1613 captos

119 1611 234 1671 Vitellii
268 1614 476 1693 exploratores,
505 1613 764 1695 circumdueiosque
782 1658 797 1685 ,

118 1704 153 1752 nt
181 1694 283 1753 robora
316 1696 431 1755 vicioris
463 1693 596 1755 exercitius
621 1714 800 1767 noscerent,

120 1773 314 1838 remittendo:
344 1796 416 1857 quos
441 1795 542 1838 ornnes
567 1777 727 1848 Vitellius,
751 1796 800 1836 se·
911 1816 913 1819 -

39 1901 41 1904 >
118 1854 198 1916 creto
218 1859 429 1936 percunciatus,
451 1855 572 1918 interfici
594 1860 680 1935 jussit.
702 1857 800 1918 Nota·

33 1949 36 1953 ’
121 1938 176 1998 bili
192 1934 348 1998 constantii
363 1940 517 2010 centurio,
540 1938 630 2011 Julius
649 1935 774 2031 Agrestis
783 1981 797 2010 ,

121 2016 185 2100 post
206 2018 312 2078 multos
333 2039 496 2090 sermones,
522 2018 625 2100 quibus
646 2018 799 2080 Vitellium

121 2099 161 2160 ad
182 2102 314 2159 virtutem
332 2097 430 2158 frustra
449 2099 639 2170 accendebat,
658 2100 801 2182 perpulit,

123 2200 155 2242 ut
177 2181 215 2244 ad
234 2182 306 2240 vires
329 2177 453 2239 hostium
473 2181 659 2260 spectandas,
682 2199 800 2264 quaque

122 2261 200 2343 apud
220 2261 474 2322 Cremonamue
491 2261 603 2335 forent,
625 2265 682 2342 ipse
701 2265 798 2322 mitte-

122 2363 207 2404 retur.
236 2343 299 2402 Ncc
335 2345 526 2424 exploratione
560 2341 669 2404 occului
703 2340 801 2402 fallere

123 2425 286 2490 Antonium
303 2427 444 2496 tentavit,
467 2424 515 2484 sed
534 2427 663 2484 mandata
685 2423 803 2496 impera-

123 2507 197 2568 toris
214 2527 343 2581 suumne
353 2509 474 2567 animum
486 2503 644 2583 professus,
663 2520 694 2560 ut
709 2510 803 2564 cunila

124 2589 250 2656 viseret,
269 2584 396 2665 postulat
421 2586 525 2657 Missi,
539 2587 590 2668 qui
610 2586 706 2644 locum
728 2604 803 2664 proe·

124 2669 180 2738 lii,
204 2666 356 2728 Cremonae
381 2664 529 2749 vestigia,
555 2685 649 2747 captas
676 2665 803 2748 legiones

127 2745 441 2888 osteYnderetptiIAgrestis
449 2747 487 2810 ad
495 2747 645 2811 Vitellium
657 2749 805 2890 {grutaria

72 2880 81 2896 s
201 2851 255 2892 om.
324 2867 335 2894 ἱ
641 2889 643 2896 ,
