2100 3650
256 326 322 391 340
380 303 417 371 C.
446 304 587 373 court.
619 304 807 371 Tecrrr

252 442 390 505 excepere.
406 450 409 454 ·
424 420 546 501 Addidit
570 443 585 488 e
607 422 689 503 Syria
708 421 933 497 duodecimam,

252 514 280 565 &
303 503 438 565 addudios
458 503 630 563 Alexandria
656 504 934 571 duoetvicesimanos

251 587 448 667 tertianosque.
479 584 701 651 Comitabanrur
713 586 826 667 ¹viginti
847 589 934 651 socie.

250 664 397 737 cohortes,
409 670 475 727 odio
485 668 611 748 equitum
620 667 684 726 alec:
696 666 932 747 simulAgrippa,

190 745 192 748 ’
250 745 447 829 Sohemusque
469 769 567 831 reges,
592 757 620 809 &
642 748 746 807 auxilia
765 749 840 830 regis
859 750 932 807 An-

250 825 341 887 tiochi
352 836 363 899 j
392 827 493 893 valida,
509 850 563 899 ue,
587 837 636 899 ὃς,
664 829 748 888 solito
772 828 849 906 inter
875 850 931 888 ac»

159 958 160 961 η
251 910 329 968 colas
347 909 437 981 odio,
463 851 574 971 iniensa
592 908 696 970 Judaeis
715 906 845 969 Arabum
866 931 934 970 ma-

251 1011 304 1050 nus
325 1013 331 1047 :
359 990 464 1067 multi,
488 1012 560 1071 quos
580 992 647 1061 urbe
672 1009 757 1070 atque
777 989 861 1063 Itali&
881 1013 934 1055 sua

252 1092 393 1153 quemque
417 1092 477 1151 spes
498 1073 655 1142 acciverat,
673 1070 831 1150 occupandi
852 1074 934 1151 prin·

252 1154 346 1233 cipem
366 1150 457 1212 adhuc
477 1174 609 1213 vacuum.
630 1150 685 1213 His
702 1173 767 1211 cum
785 1154 878 1231 copiis
895 1151 932 1212 fi-

251 1254 301 1294 nes
318 1232 439 1293 hostium
457 1234 610 1317 ingressus,
622 1235 783 1313 composito
792 1235 934 1316 agmine,

253 1318 355 1385 cundia
386 1314 548 1395 explorans,
590 1332 736 1394 citatusque
762 1314 933 1387 decernere,

252 1392 330 1456 haud
344 1397 441 1477 procul
450 1335 657 1477 Hierosoiymis
667 1392 753 1455 castra
763 1392 842 1455 facit.

294 1477 333 1537 ΙΙ.
360 1476 415 1537 Sed
443 1479 509 1557 quia
532 1476 648 1538 famosae
668 1476 744 1536 urbis
768 1497 931 1557 supremum

253 1556 330 1621 diem
351 1558 479 1626 tradituri
500 1580 617 1630 sumus,
639 1577 794 1641 congruens
818 1558 931 1619 videtur

252 1638 407 1721 primordia
427 1644 484 1718 ejus
501 1641 617 1721 aperire.
636 1640 766 1709 Judeos,
791 1642 870 1699 Cretd
881 1642 930 1699 in·

254 1723 317 1780 suld
335 1722 482 1801 profugos,
506 1722 664 1783 novissima
683 1719 776 1809 Lybie
793 1721 931 1791 insedisse

254 1822 429 1874 memorant,
441 1804 494 1881 qud
505 1804 655 1884 tempestate
663 1800 819 1872 Saturnus,
831 1804 864 1863 ui
874 1802 934 1862 Jo-

255 1887 302 1947 vis
315 1887 425 1962 pulsus,
440 1886 552 1944 cesserit
569 1886 668 1963 regnis.
688 1885 898 1967 Argumentum
914 1903 934 1944 e

256 1967 374 2026 nomine
399 1966 530 2048 petitur.,
548 1966 680 2046 inclytum
700 1965 731 2024 in
755 1967 833 2024 Crem
851 1965 932 2024 Idam

254 2065 393 2118 montem,
406 2047 512 2106 accolas
529 2047 615 2114 Idem
626 2093 637 2116 ,
650 2052 726 2105 audio
740 2047 771 2104 in
787 2045 931 2104 barbarum

256 2123 456 2212 cognomento,
484 2127 590 2188 Judeos
619 2129 747 2195 vocitari.
776 2125 928 2202 Quidam,

255 2228 382 2287 regnante
406 2211 497 2280 Iside,
520 2211 698 2274 exundantem
711 2229 764 2282 per
782 2210 932 2287 AEgyptum

256 2291 474 2361 multitudinem,
494 2289 604 2349 ducibus
618 2289 812 2369 Hierosolymo
829 2311 862 2347 ac
879 2288 931 2346 Ju-

255 2373 311 2444 dd,
327 2374 471 2448 proximas
491 2371 522 2430 in
541 2390 629 2430 terras
644 2371 827 2433 exonereram.
843 2368 933 2428 Pleri-

257 2474 313 2534 que
325 2453 484 2528 AEtlriopum
496 2454 621 2526 prolem,
634 2473 714 2528 quos,
735 2472 794 2528 rege
809 2450 932 2523 Cepheo,

257 2553 344 2594 metus
360 2531 438 2612 atque
456 2533 548 2597 odium
560 2551 664 2592 mutare
679 2533 756 2597 sedes
772 2531 932 2605 perpulerit.
983 2572 986 2577 -

257 2615 329 2674 Sunt
345 2617 394 2696 qui
411 2612 538 2685 tradant,
558 2613 694 2694 Assyrios
712 2633 867 2682 convenas,
884 2611 930 2669 in-

256 2695 349 2773 digum
368 2717 492 2776 agrorum
501 2695 648 2770 populum,
655 2711 735 2769 perte
749 2696 788 2755 AE
820 2692 867 2767 ptt'
878 2713 931 2767 po·

257 2775 348 2848 titos,
377 2799 440 2838 mox
465 2777 593 2853 proprias
623 2775 723 2846 urbes,
753 2773 799 2834 He
816 2793 930 2851 reasque
