2100 3650
216 332 525 400 Hirrnnrnnnn
539 330 623 397 Lrn.
638 293 708 397 III.¹
737 350 809 418 243«

128 471 219 523 retur,
240 453 361 532 speciem
385 447 494 509 hostilis
520 447 655 510 exercitiis
673 448 806 513 fecerant.

128 534 284 614 Tripartito
313 533 451 617 agmine,
481 552 544 611 pars
576 551 607 591 ut
635 530 807 605 adstiterat,

100 632 104 638 '
130 614 345 685 Flaminiaiviai3
365 635 427 695 pars
438 618 516 692 juxta
531 614 622 693 ripam
638 612 751 673 Tiberis
765 614 808 675 iu·

129 700 210 757 cessit
217 720 227 769 3
239 699 351 756 tertium
365 716 488 779 agmen,
501 714 548 773 per
557 696 713 766 Salariam,
725 696 806 756 Coi-

127 779 192 839 linae
218 798 304 858 portat
329 776 546 858 propinquabat.
579 777 662 837 Plebs
689 779 808 838 investis

127 861 269 941 equitibus
291 857 361 918 fusa.
381 858 468 917 Miles
484 858 656 919 Vitellianus
678 861 757 918 trinis
779 868 808 919 δι

128 942 187 1021 ipse
206 942 338 1022 praesidiis
355 942 482 999 bccurrit.
501 937 603 999 Proelia
621 958 687 1001 anre
706 942 807 1000 urbem

127 1022 219 1081 multa
240 1032 267 1082 &
291 1023 390 1093 varia3
419 1022 468 1081 sed
492 1021 657 1093 Flavianis,
686 1024 808 1083 consilio

130 1103 233 1162 ducum
259 1102 469 1184 prestantibus,
491 1106 588 1184 saepius
616 1124 754 1183 prospera.
781 1104 807 1163 Ii

130 1204 239 1248 tantum
259 1187 413 1246 confliciari
427 1203 511 1254 sunt,
529 1187 579 1265 qui
600 1187 630 1244 in
647 1205 754 1265 partem
771 1187 808 1246 ti·

129 1266 243 1327 nistram
262 1268 354 1339 urbis,
374 1267 412 1327 ad
427 1267 610 1327 Sallustianos
629 1265 742 1341 hortos,
759 1287 808 1345 per

128 1348 247 1433 ungusta
271 1360 299 1410 δι
324 1350 432 1409 lubrica
452 1350 563 1408 viarum
584 1349 725 1408 flexerant.
747 1349 806 1409 Su-

128 1430 279 1511 perstantes
304 1432 431 1490 maceriis
458 1427 605 1490 horrorum
635 1431 808 1503 Vitelliani,

129 1511 168 1571 ad
184 1533 276 1572 serum
296 1533 383 1593 usque
402 1511 496 1586 diem,
513 1514 585 1572 saxis
604 1513 722 1593 pilisque
743 1512 809 1573 sub·

130 1613 226 1654 euntes
247 1594 379 1653 arcebant
396 1618 403 1651 ε
420 1595 510 1653 donec
527 1596 563 1655 ab
580 1596 737 1675 equitibus,
757 1596 809 1677 qui

129 1673 210 1755 porti
230 1674 347 1737 Collina
367 1678 547 1756 inruperant,
571 1678 808 1735 circumveniren-

61 1788 64 1793 ·
128 1775 181 1816 rut.
208 1758 381 1819 concurrite
409 1768 437 1818 &
456 1761 486 1817 in
510 1778 612 1838 campo
634 1758 742 1817 Martio
764 1760 810 1816 in·

128 1837 203 1899 festae
216 1843 297 1901 acies.
313 1842 368 1900 Pro
383 1841 526 1900 Flavianis
538 1839 668 1910 fortuna,
684 1849 711 1898 δι
729 1859 809 1920 parta

127 1923 232 1982 totiens
258 1925 377 1982 vicioria
402 1945 410 1979 t
435 1922 586 1980 Vitelliani
615 1921 810 1999 desperatione

127 2003 190 2062 soli
205 2004 324 2064 ruebant
331 2026 341 2075 3
362 2013 390 2064 8(
408 2025 585 2085 quamquam
607 2003 697 2084 pulsi,
719 2023 812 2065 rursus
863 2045 867 2052 ,

127 2087 159 2144 in
175 2086 244 2145 urbe
264 2108 319 2146 con
342 2086 519 2168 regebantur.

94 2196 98 2200 -
169 2107 340 2228 LXXXIIIg.
361 2171 468 2228 Aderat
485 2166 676 2251 pugnantibus
700 2169 810 2248 spetia-

128 2268 175 2308 tor
198 2251 332 2330 populus,
347 2270 432 2332 utque
452 2253 483 2311 in
507 2249 616 2310 ludicro
635 2251 809 2322 certamine,

125 2329 203 2404 bos,
221 2353 311 2391 rursus
333 2333 396 2392 iilos
418 2334 542 2392 clamore
559 2342 587 2392 δι
607 2333 706 2413 plausu
727 2330 812 2392 fore-

127 2414 180 2472 bat
200 2417 357 2494 :quotiens
377 2435 438 2494 pars
456 2417 544 2474 altera
563 2415 740 2484 inclinasset,
761 2414 813 2472 ab·

124 2495 204 2576 jditos
221 2497 250 2555 in
268 2496 409 2566 tabernis,
422 2517 486 2567 aut,
503 2499 627 2576 siquam
642 2496 673 2554 in
689 2494 811 2555 domum

127 2575 330 2661 perfugerant,
351 2580 409 2636 erui
423 2579 599 2660 jugularique
624 2575 808 2657 expostulan-

125 2678 192 2730 tes,
222 2677 298 2738 parte
333 2664 440 2739 majore
466 2659 564 2740 praedae
593 2659 772 2738 potiebantur
801 2683 810 2716 r

126 2761 197 2799 nam
222 2741 312 2803 milite
334 2741 371 2800 ad
391 2745 557 2825 sanguinem
585 2749 612 2800 &
637 2740 723 2800 caedes
748 2741 807 2800 ub·

127 2843 236 2896 verso,
258 2823 347 2906 spolia
372 2825 403 2884 in
428 2825 529 2909 vulgus
555 2821 702 2964 cedeippnt.
728 2823 808 2888 Saeve

612 2941 618 2957 t
674 2926 693 2984 ¹J
