2100 3650
193 330 696 401 normannorum
731 351 798 422 329

120 452 215 523 tiore,
240 448 327 533 quant
351 469 464 521 ceterae,
490 453 582 530 spatio
603 451 799 531 conglobata,

121 531 252 593 sustinuit
269 550 399 601 ruentes,
419 552 487 591 mox
511 532 632 609 impulit
654 532 716 591 Nec
739 534 800 591 siue

121 634 176 692 ope
191 614 309 683 divina,
324 614 437 673 mutatis
456 630 567 691 repente
586 614 705 682 animis,
720 633 800 695 terga

118 696 240 755 victores
257 696 370 756 vertere.
392 692 449 771 Ipsi
467 696 576 753 territos
591 714 621 753 se
638 691 799 753 cohortium

119 775 255 855 adspediu
273 772 414 845 ferebant,
431 794 492 855 qux
511 777 603 854 primo
617 777 723 855 impetu
735 775 797 835 dis-

118 860 218 937 jectae,
241 858 358 917 summis
376 876 465 915 rursus
485 859 560 938 jugis
578 858 798 939 congregaban-

121 956 183 1008 tur,
206 956 240 997 ac
256 939 376 1017 speciem
394 940 461 999 novi
476 939 573 997 auxilii
594 936 725 997 fecerant.
742 937 799 999 Sed

120 1018 231 1079 obstitit
267 1020 443 1079 vincentibus
472 1038 590 1097 pravum
621 1022 693 1079 inter
722 1022 798 1099 ipsos

121 1118 284 1169 certamen,
315 1096 392 1159 hoste
417 1100 545 1169 omisso,
566 1101 655 1179 spolia
677 1121 796 1159 consec-

121 1181 211 1241 tandi.
234 1180 370 1253 Cerialis,
390 1200 420 1241 ut
440 1180 545 1239 incurii
564 1181 650 1261 prope
670 1202 731 1241 tem
750 1181 798 1241 ad«

121 1264 213 1333 flixit,
235 1262 274 1321 ita
294 1259 450 1323 constantii
469 1260 585 1321 restituit
609 1285 616 1318 ε
636 1280 798 1343 secutusque

120 1341 286 1413 fortunam,
309 1342 395 1403 castra
415 1340 539 1403 hostium
557 1342 658 1403 eodem
680 1341 726 1403 die
745 1365 796 1404 ca-

119 1426 164 1506 pit
186 1422 321 1483 exscindit
342 1445 385 1486 ue.

163 1504 298 1565 LXXIX.
358 1526 389 1565 ec
415 1507 444 1565 in
467 1505 587 1588 longum
609 1509 688 1587 quies
713 1508 799 1567 militi

121 1584 200 1658 data.
230 1584 361 1646 Orabant
389 1586 524 1645 auxilium
556 1589 798 1670 Agrippinensem

120 1664 280 1727 offerebant
301 1688 335 1727 ue
351 1688 465 1727 uxorem
483 1690 515 1727 ac
533 1688 657 1727 sororem
672 1670 798 1741 Civilis,

122 1746 257 1809 &filiam
278 1690 417 1820 alumni,
435 1750 531 1809 reliciat
545 1750 600 1808 sibi
614 1753 733 1834 pignora
746 1772 798 1810 so-

122 1833 241 1892 cietatis.
262 1831 354 1912 Atque
370 1833 481 1890 interim
500 1832 636 1910 dispersos
656 1835 685 1891 in
704 1831 800 1892 domi-

122 1911 175 1974 bus
192 1913 351 1974 Germanos
374 1911 586 1973 trucidaverant.
603 1913 691 1974 Unde
709 1932 800 1974 metus

51 2036 54 2042 -
124 2003 152 2056 δι
179 1993 254 2072 justae
279 2015 370 2074 preces
399 1996 618 2064 invocantium,
646 2015 799 2076 antequam

123 2072 233 2147 hostes,
246 2077 378 2156 reparatis
397 2076 521 2148 viribus,
537 2076 574 2135 ad
591 2096 688 2155 spem,
703 2077 749 2136 vel
761 2076 799 2137 ad

122 2157 262 2216 ultionem
285 2159 502 2240 accingerentur.
530 2157 712 2238 Namque&
737 2157 798 2219 Ci-

123 2238 187 2298 vilis
207 2240 273 2300 iiiuc
295 2238 470 2310 intenderat,
487 2261 547 2299 non
566 2239 723 2308 invalidus,
741 2242 796 2300 fla·

123 2319 302 2401 grantissimh
332 2317 490 2380 cohortium
522 2341 634 2384 suarum
665 2318 796 2401 integri}

145 2422 186 2460 uae
216 2422 249 2460 ex
281 2398 406 2462 Chaucis
438 2402 588 2483 Ftisiisque
616 2405 799 2481 composita,

115 2421 277 2550 'iolbiach
295 2483 324 2543 in
336 2479 438 2542 finibus
451 2484 717 2564 Agrippinensium,
729 2503 799 2564 age·

122 2563 184 2623 bat.
215 2562 270 2624 Sed
298 2561 379 2626 tristis
401 2565 519 2624 nuncius
545 2566 663 2634 averrit,
684 2564 801 2624 deletam

120 2643 258 2704 cohortem
273 2645 336 2704 dolo
357 2645 603 2724 Agrippinensium
617 2670 628 2704 .·
644 2646 695 2727 qui
715 2645 800 2728 largis

123 2725 213 2802 epulis
233 2727 358 2807 vinoque
375 2727 482 2806 sopitos
501 2725 680 2798 Germanos,
699 2727 799 2786 clausis

54 2829 57 2836 ⁴
122 2805 233 2868 foribus
244 2851 255 2880 ‚
278 2809 345 2890 igne
369 2809 490 2888 injecto,
515 2829 680 2870 cremavere.
707 2806 800 2869 Simul
