2100 3650
252 321 322 385 126
374 313 412 382 C.
441 315 596 384 coin.
628 314 836 382 Tncm

248 438 282 496 de
302 436 408 494 nemine
427 455 524 510 queror
533 457 547 508 ;
570 457 635 494 nom
656 436 780 494 incusare
802 437 870 494 deos
889 439 936 497 vel

245 516 394 586 homines,
414 517 473 595 ejus
491 517 549 596 est,
570 517 617 594 qni
638 519 735 578 vivere
748 517 830 576 velit.

291 596 431 656 XLVIII.
445 595 532 656 Talia
552 598 680 669 Iocutus,
702 617 733 657 ut
750 599 853 679 cuique
868 615 934 658 aetas

248 698 299 740 aut
310 678 450 762 dignitas,
462 680 582 739 comitet
594 680 769 760 appellatos,
782 681 858 739 irent
866 701 934 754 pro·

171 796 173 803 1
242 759 328 834 peri,
345 783 398 822 neu
414 763 575 822 remanendo
592 764 665 822 iram
680 761 796 822 viiionis
816 783 935 836 aspero·

251 858 310 900 rent
334 865 344 900 .·
367 847 481 921 juvenes
499 844 682 914 auctoritate,
706 863 783 902 senes
804 843 936 922 precibus

250 923 408 983 movebat:
424 923 551 1003 placidus
568 945 633 996 ore,
649 923 803 1004 intrepidus
819 925 936 997 verbis,

244 1002 458 1085 ‚intempestivas
487 1026 603 1065 suorum
625 1006 765 1086 lacrymas
792 1025 937 1067 coercens.

251 1084 330 1144 Dori
347 1109 433 1148 noves
453 1109 486 1145 ac
504 1086 633 1148 vehicula
645 1087 815 1147 abeuntibus
829 1088 936 1166 jubet:

250 1166 363 1228 libellos
385 1166 595 1250 epistolasque,
614 1167 708 1228 studio
731 1189 799 1252 erga
820 1190 872 1240 se,
891 1187 938 1230 aut

250 1248 282 1308 iu
302 1249 453 1310 Vitellium
477 1250 658 1310 contumeliis
681 1251 832 1333 Insignes,
858 1252 935 1310 abo-

250 1329 290 1389 let
307 1354 314 1389 :
329 1334 460 1412 pecunias
471 1329 632 1402 distribuit,
651 1331 750 1411 patei,
769 1352 823 1391 nec
836 1351 870 1392 ut
882 1354 935 1413 pe·

251 1413 361 1472 titums.
381 1413 456 1472 Mox
475 1413 605 1474 Salvium
623 1412 824 1474 Cocceianum
842 1414 937 1476 fratris
1027 1443 1033 1452 ·

251 1488 343 1551 filium
371 1491 458 1572 primi
484 1493 618 1572 juventii,
644 1495 784 1576 trepidum
808 1503 838 1554 &
863 1517 938 1556 moe·

249 1591 378 1643 tentem,
400 1576 473 1634 ultro
495 1576 601 1634 solatus
621 1573 677 1647 est,
698 1574 845 1636 laudando
865 1582 936 1653 pie-

247 1671 335 1714 tatem
347 1660 405 1734 ejus
414 1703 426 1727 ‚
440 1654 605 1739 caffigando
608 1658 789 1736 formidinem
801 1682 813 1717 e
824 1681 862 1718 an
882 1661 937 1722 Vi·

249 1736 356 1796 tellium
370 1756 428 1798 tam
444 1741 566 1799 immitis
582 1741 672 1798 animi
680 1740 762 1817 fore,
779 1757 809 1798 ut
816 1763 871 1815 pto
889 1743 937 1802 in-

247 1819 351 1881 columi
364 1839 423 1882 toto
440 1825 542 1893 domo,
553 1844 586 1881 ne
598 1819 668 1881 hone
680 1825 785 1900 quidem
802 1822 862 1882 sibi
872 1846 939 1903 gro·

247 1901 321 1961 eiam
331 1906 476 1965 redderet-²
495 1904 594 1965 mereri
605 1926 635 1963 se
639 1905 771 1986 festinato
782 1906 861 1964 exitu
874 1908 935 1967 cle-

248 1986 382 2045 mentiam
395 1987 519 2046 vilioris.
534 1986 601 2046 Non
610 1986 683 2045 enim
694 1987 794 2047 ultimi
806 1990 938 2065 despero-

248 2067 343 2137 tione,
355 2070 406 2129 sed
414 2085 543 2141 poscente
551 2068 680 2141 proelium
692 2069 812 2128 exercitu
821 2116 833 2140 ,
850 2074 936 2131 retni-

248 2147 322 2206 sisse
340 2149 442 2223 reipnb.
458 2150 643 2210 novissimum
658 2172 760 2209 casum.
777 2150 861 2211 Satis
877 2154 937 2213 sibi

248 2230 388 2299 nominis,
405 2231 478 2289 satis
486 2232 598 2313 posten‘s
613 2231 673 2290 suis
686 2233 844 2292 nobilitatis
862 2256 935 2313 quo:-

247 2310 335 2369 situm
354 2335 366 2369 .·
374 2313 433 2393 post
444 2312 555 2383 Iulios,
579 2313 727 2385 Claudios,
747 2313 885 2386 Servios,
905 2340 936 2377 se
956 2329 958 2333 ’

245 2393 368 2465 primum
385 2394 416 2452 in
428 2394 577 2472 familiam
598 2416 700 2457 novam
724 2397 868 2471 imperium
887 2400 934 2457 in-

250 2475 349 2535 tulisse
371 2499 383 2533 .·
403 2476 520 2550 proinde
547 2482 631 2536 cretio
660 2478 753 2537 animo
780 2498 936 2553 capesseret

249 2558 361 2624 vitam,
378 2580 430 2617 neu
443 2576 573 2631 patruum
592 2558 650 2617 sibi
667 2558 806 2625 Othonem
817 2560 935 2638 ficisse,

249 2654 300 2732 out
309 2636 517 2700 oblivisceretur
530 2662 669 2718 nmquam,
687 2660 735 2701 ant
746 2641 864 2702 nimiiem
876 2666 934 2702 me·

251 2740 389 2778 mintsstt.
433 2759 438 2768 ·

289 2799 425 2864 XLIX.
452 2800 519 2864 Post
539 2824 619 2889 que,
643 2802 759 2867 dimotis
779 2804 935 2879 omnibus,
