2100 3650
235 330 303 409 176
354 321 808 394 C.Couu.TAc1'T1

231 444 382 504 audioritas
394 465 401 498 :
415 445 438 502 is
456 463 569 524 quoque
590 443 772 502 inclementer
789 443 819 500 in
842 441 905 501 Vi-

233 526 341 585 tellium
373 521 469 582 invehi
495 526 626 593 solitus,
654 521 730 582 nihil
759 520 818 602 spei
851 523 908 582 sibi

220 609 305 666 'inter
326 603 440 664 adversa
459 606 616 686 reliquerat.
636 605 675 664 T..
696 604 816 683 Ampius
840 603 910 661 Fla-

233 683 459 756 vianum-natur&
470 707 504 745 ac
517 685 629 745 senemr
643 687 802 756 cunctator,
819 686 911 763 suspi-

233 770 329 828 ciones
339 768 463 826 militum
480 767 626 837 irritabat,
644 785 791 846 tamquam
814 763 909 824 affini-

219 851 300 910 ·tatis
318 869 382 908 eum
400 846 522 907 Vitellio
544 849 738 908 meminisset:
753 845 909 926 idemque,

234 928 338 1012 quid,
358 944 496 1010 coeptante
517 930 663 1012 legionum
687 946 788 998 motu,
804 926 908 1007 profu·

234 1033 313 1094 gus,
342 1010 407 1070 dein
433 1029 531 1090 sponte
558 1027 761 1080 remeaverat,
788 1005 911 1088 perfidiae

236 1095 333 1154 locum
352 1093 480 1174 quaesisse
498 1090 668 1150 credebatur.
689 1089 768 1150 Nam
791 1089 910 1150 Flavia-

235 1196 306 1236 num
319 1221 331 1244 ,
354 1171 461 1234 omissi
480 1170 651 1242 Pannonii,
671 1172 826 1253 ingressum
846 1169 911 1232 Ita-

234 1257 308 1318 liam
329 1303 341 1326 ,
368 1264 396 1317 &
422 1254 577 1317 discrimini
604 1271 764 1332 exemptum
785 1299 797 1322 ‚
819 1271 913 1312 rerum

237 1357 377 1397 novarum
398 1335 501 1415 cupido
521 1335 609 1418 legati
632 1353 737 1394 nomen
757 1353 912 1406 resumere,

237 1428 266 1480 δι
286 1419 399 1477 misceri
415 1416 544 1478 civilibus
561 1416 646 1476 armis
667 1415 833 1496 impulerat,
846 1436 913 1474 sua-

238 1499 322 1560 dente
335 1499 472 1560 Comelio
489 1499 598 1568 Fusc03
616 1519 675 1556 non
694 1499 760 1577 quia
779 1494 915 1556 industrii

236 1582 368 1641 Flaviani
386 1581 506 1662 egebat,
521 1579 571 1648 sed
591 1596 622 1637 ut
635 1579 786 1640 ,consulare
806 1599 915 1638 nomen

157 1696 160 1703 ·
235 1683 285 1723 sur
306 1662 415 1723 entibus
446 1682 533 1742 quum
564 1659 688 1718 maxime
711 1659 834 1740 partibus
862 1651 933 1718 ho-‘

237 1683 316 1806 neda
336 1746 426 1822 specie
447 1742 664 1823 praetenderetur.
713 1776 717 1782 ι

227 1850 231 1857 ·
280 1828 321 1889 V.
338 1823 492 1896 Cetenim,
508 1822 539 1884 ut
548 1823 732 1883 transmittere
742 1824 771 1884 in
782 1823 916 1897 Italiam,

224 1910 377 1990 impune,
397 1918 424 1969 δι
448 1908 510 1966 usui
533 1904 622 1976 foret,
641 1906 773 1985 scriptum
796 1906 916 1987 Aponio

241 1990 415 2061 Saturnino,
433 2010 492 2048 cum
508 1990 626 2047 exercitu
642 1986 760 2046 Moesico
776 1991 914 2049 celeraret.

241 2073 287 2131 Ac
309 2094 345 2131 ne
373 2073 492 2131 inermes
520 2071 691 2148 provinciae,
714 2069 838 2130 barbatis
863 2094 918 2131 nau

242 2154 368 2212 tionibus
394 2160 618 2231 exponerentur,
639 2150 776 2230 principes
800 2152 919 2213 Sarma-

243 2252 334 2293 tarum
358 2232 520 2314 Jazygum‘,
542 2252 625 2310 penes
641 2252 711 2314 quos
731 2232 852 2293 civitatis
866 2254 916 2291 re-

228 2352 232 2360 .
244 2316 341 2399 gimen
350 2361 358 2386 ,
367 2314 397 2372 in
408 2315 609 2374 commilitium
616 2314 716 2374 adsciti
723 2355 732 2381 ,
737 2312 920 2394 plebemque-

244 2418 322 2478 quc,
345 2394 373 2457 δ’
393 2398 454 2459 uim
481 2397 619 2473 equitum,
639 2394 695 2476 qui
719 2393 780 2457 sold
799 2396 916 2467 valent,
977 2438 980 2444 «

226 2501 230 2507 ¹
244 2476 403 2538 offerebant
425 2500 432 2535 ε
452 2478 597 2537 remissum
616 2476 647 2535 id
664 2496 784 2547 munus,
799 2498 834 2535 ne
846 2478 921 2537 inter

245 2558 399 2619 discordias
426 2577 538 2617 exrema
567 2556 750 2629 molirentur,
777 2578 826 2618 aut
849 2578 916 2618 ma-

229 2643 305 2718 -jote
325 2660 358 2698 ex
378 2640 487 2698 diverso
507 2638 657 2709 mercede,
682 2643 725 2717 jus
746 2637 844 2720 fasque
870 2661 920 2698 ex-

246 2738 362 2780 suerent.
391 2720 420 2779 T
420 2718 554 2780 rabuntur
575 2722 606 2779 in
630 2738 718 2799 partes
743 2720 812 2780 Sido
833 2740 920 2801 atque

246 2798 387 2874 Italicus,
415 2822 493 2886 reges
531 2802 711 2873 Suevorum,
743 2802 807 2885 quis
839 2821 921 2865 vetus
