2100 3650
249 273 706 352 rossemanum!
769 299 814 369 ²9

142 397 276 486 gradibus
289 399 389 462 domits
406 419 543 472 vocatos,
565 403 595 462 in
608 399 684 462 hunc
697 401 817 463 modam

140 484 288 544 adlocutus
310 481 375 542 cst·
396 482 499 543 Sextus
520 484 580 542 aies
603 497 719 562 agitur,
744 505 817 542 com-

140 567 319 634 militones,
355 585 389 624 ex
411 585 485 642 quo,
509 566 621 642 ignarus
639 561 816 640 fatam&

139 648 202 708 sive
221 610 368 720 optandum
380 643 429 703 boc
444 667 565 713 nornen,
583 647 645 705 sive
669 647 818 704 timendum

140 745 221 796 erat,
255 729 345 788 Casar
370 728 491 786 adscitus
517 743 578 784 sant
604 749 613 783 ι
643 748 694 802 quo
722 725 817 785 domis
859 726 864 732 ’

140 809 258 888 ιιοβιιι,
283 826 332 866 aut
355 806 455 881 reipub.
476 806 543 884 fato
571 807 602 864 iri
626 808 714 887 νιβια
733 829 816 866 manu

135 891 261 963 positum
277 889 313 968 ιβ
333 906 344 946 t
362 910 418 948 ιιοιι
432 888 517 965 quia,
538 909 596 946 meo
607 889 732 957 nomine,
750 890 816 948 tris»

140 971 238 1028 tiorem
267 990 359 1028 casum
386 991 527 1042 paveam,
552 986 583 1027 tu
609 969 657 1044 qui
683 971 817 1029 adversos

142 1072 185 1110 res
198 1068 344 1124 expertus
335 1093 347 1120 ,
370 1071 466 1151 quum
458 1050 579 1108 maxime
568 1048 716 1120 discam,
728 1073 762 1110 ne
773 1073 817 1110 se-

141 1135 245 1191 candos
268 1133 374 1208 quidem
396 1128 484 1189 mittis
504 1131 675 1189 discriminis
695 1095 816 1190 liaberet

134 1213 252 1286 patris,
270 1207 439 1280 desanaus,
457 1209 516 1270 ἁ
504 1211 593 1284 ipsius
607 1212 717 1285 imperii
727 1214 818 1274 vicem

129 1295 238 1364 doleo,
254 1316 280 1351 ιι
276 1293 378 1352 nobis
394 1310 442 1350 aut
451 1292 541 1367 perire
551 1291 630 1350 bodie
643 1315 749 1352 necesse
759 1295 816 1374 ιβ,

139 1392 206 1444 aar,
218 1377 289 1451 quod
299 1374 368 1452 aqui
379 1376 453 1448 apud
459 1373 589 1432 bonos
549 1394 677 1436 miserunt
685 1375 735 1454 ιβ
746 1375 818 1434 occi·

139 1459 210 1515 dere.
227 1453 365 1514 Solatium
382 1455 507 1529 proximi
526 1454 614 1514 motis
632 1454 817 1528 habebamus,

139 1538 309 1596 incruentam
337 1533 446 1605 urbem,
468 1531 494 1595 Ε*
516 1555 558 1594 res
587 1537 649 1594 sint
677 1537 819 1596 discordia

139 1619 303 1676 translatas.
320 1617 470 1678 Provisum
487 1612 632 1690 adoptione
649 1617 818 1690 videbatur,

139 1717 214 1756 utne
228 1721 265 1770 po
302 1697 421 1758 Galbam
434 1697 540 1776 quidem
552 1692 623 1756 bello
639 1699 714 1758 locus
733 1717 821 1759 esset.

76 1797 78 1802 '
180 1778 278 1839 XX.
297 1779 386 1841 Nihil
396 1779 526 1859 arrogabo
546 1777 616 1837 milri
639 1779 817 1852 nobilitatis,

139 1862 356 1957 autmodcflia:
367 1884 449 1939 neque
466 1864 540 1920 enim
557 1861 645 1918 relatu
665 1863 818 1933 virtutum,

139 1944 171 2001 in
189 1944 387 2016 conparatione
408 1940 548 2011 Othonis,
570 1962 636 2013 opus
649 1943 692 2035 ιβ.
719 1940 819 2015 Vitia,
855 2001 859 2008 ,

138 2022 237 2101 quibus
257 2024 328 2083 solis
346 2026 502 2119 gloriatur,
522 2022 666 2083 euenire
651 2026 817 2097 tmperium,

137 2106 225 2163 ctiam
241 2106 320 2198 quum
331 2106 446 2165 amicum
460 2100 633 2179 imperatoris
646 2124 743 2182 ageret.
756 2104 818 2164 Ha·

138 2182 310 2245 bituito&
298 2208 428 2258 incessu,
447 2208 483 2245 an
502 2187 553 2243 illo
566 2186 691 2244 nucliebn'
702 2205 818 2257 ornatu,

138 2283 287 2326 necteretur
301 2266 470 2359 imperium?
489 2266 653 2335 Falluncur,
662 2267 760 2343 quibus
773 2268 818 2325 lu-

138 2350 224 2406 xuria
250 2348 338 2420 specie
362 2347 573 2407 liberalitatis
560 2348 685 2421 imponit.
701 2349 819 2408 Perdene

138 2429 187 2511 ι’βι
200 2430 289 2497 sciet,
310 2430 409 2515 donare
429 2430 539 2487 nesciet
560 2427 662 2502 Stupro
680 2450 767 2498 nunc,
789 2425 817 2488 θ

138 2506 370 2579 comissationes,
387 2506 413 2569 ὃ
416 2509 586 2587 feminarum
599 2527 702 2580 coetus,
723 2511 818 2571 volvit

136 2591 263 2648 auimo:
256 2589 331 2649 ·bac
342 2590 510 2665 principattls
520 2590 635 2665 pramia
641 2609 745 2683 putat·
730 2633 742 2663 ,
755 2612 818 2668 quo-

139 2692 200 2729 rum
221 2670 306 2729 libido
327 2694 359 2730 ac
381 2674 508 2747 uoluptas
527 2694 611 2745 penes
635 2670 725 2744 ipsum
752 2674 816 2742 sit,

138 2752 223 2811 rubor
248 2774 280 2811 ac
301 2754 412 2813 dedecus
425 2774 509 2829 penes
523 2774 629 2813 omnes.
644 2752 733 2811 Nemo
745 2754 817 2812 enim

613 2832 635 2891 B
658 2834 689 2911 iij
