<?xml version="1.0" encoding="UTF-8"?>
<!DOCTYPE html PUBLIC "-//W3C//DTD XHTML 1.0 Transitional//EN"
    "http://www.w3.org/TR/xhtml1/DTD/xhtml1-transitional.dtd">
<html xmlns="http://www.w3.org/1999/xhtml" xml:lang="en" lang="en">
 <head>
  <title>
</title>
<meta http-equiv="Content-Type" content="text/html;charset=utf-8" />
  <meta name='ocr-system' content='tesseract 3.04.00' />
  <meta name='ocr-capabilities' content='ocr_page ocr_carea ocr_par ocr_line ocrx_word'/>
</head>
<body>
  <div class='ocr_page' id='page_1' title='image "./ccorneliitaciti00lallgoog_0243.png"; bbox 0 0 2100 3650; ppageno 0'>
   <div class='ocr_carea' id='block_1_1' title="bbox 163 274 795 381">
    <p class='ocr_par' dir='ltr' id='par_1_1' title="bbox 163 274 795 381">
     <span class='ocr_line' id='line_1_1' title="bbox 163 274 795 381; baseline -0.016 -31"><span class='ocrx_word' id='word_1_1' title='bbox 163 377 166 381; x_wconf 11' lang='lat' dir='ltr'><em>A</em></span> <span class='ocrx_word' id='word_1_2' title='bbox 203 284 516 350; x_wconf 66' lang='lat' dir='ltr'>Hrsrorranrm</span> <span class='ocrx_word' id='word_1_3' title='bbox 528 275 614 345; x_wconf 80' lang='lat' dir='ltr'>Lra.</span> <span class='ocrx_word' id='word_1_4' title='bbox 630 274 700 345; x_wconf 83' lang='lat'><em>111.</em></span> <span class='ocrx_word' id='word_1_5' title='bbox 728 293 795 373; x_wconf 77' lang='lat'>235</span> 
     </span>
    </p>
   </div>
   <div class='ocr_carea' id='block_1_2' title="bbox 72 395 800 2841">
    <p class='ocr_par' dir='ltr' id='par_1_2' title="bbox 72 395 800 2841">
     <span class='ocr_line' id='line_1_2' title="bbox 121 395 799 479; baseline -0.006 -17"><span class='ocrx_word' id='word_1_6' title='bbox 121 420 185 463; x_wconf 80' lang='lat' dir='ltr'>rant</span> <span class='ocrx_word' id='word_1_7' title='bbox 206 401 299 460; x_wconf 69' lang='lat' dir='ltr'>vinos</span> <span class='ocrx_word' id='word_1_8' title='bbox 319 398 398 459; x_wconf 86' lang='lat' dir='ltr'>Sulla</span> <span class='ocrx_word' id='word_1_9' title='bbox 420 395 560 477; x_wconf 76' lang='lat' dir='ltr'>suscepit,</span> <span class='ocrx_word' id='word_1_10' title='bbox 585 414 677 479; x_wconf 82' lang='lat' dir='ltr'>neque</span> <span class='ocrx_word' id='word_1_11' title='bbox 702 412 799 459; x_wconf 83' lang='lat' dir='ltr'>tamen</span> 
     </span>
     <span class='ocr_line' id='line_1_3' title="bbox 121 476 800 561; baseline -0.009 -19"><span class='ocrx_word' id='word_1_12' title='bbox 121 482 265 542; x_wconf 82' lang='lat' dir='ltr'>dedicavit</span> <span class='ocrx_word' id='word_1_13' title='bbox 280 503 288 538; x_wconf 78' lang='lat' dir='ltr'>s</span> <span class='ocrx_word' id='word_1_14' title='bbox 306 476 363 539; x_wconf 82' lang='lat' dir='ltr'>boc</span> <span class='ocrx_word' id='word_1_15' title='bbox 378 480 472 539; x_wconf 86' lang='lat' dir='ltr'>solum</span> <span class='ocrx_word' id='word_1_16' title='bbox 492 478 621 539; x_wconf 79' lang='lat' dir='ltr'>felicitati</span> <span class='ocrx_word' id='word_1_17' title='bbox 641 482 699 556; x_wconf 87' lang='lat' dir='ltr'>ejus</span> <span class='ocrx_word' id='word_1_18' title='bbox 713 496 800 561; x_wconf 78' lang='lat' dir='ltr'>nega·</span> 
     </span>
     <span class='ocr_line' id='line_1_4' title="bbox 121 560 799 631; baseline -0.004 -8"><span class='ocrx_word' id='word_1_19' title='bbox 121 583 193 623; x_wconf 86' lang='lat' dir='ltr'>rum.</span> <span class='ocrx_word' id='word_1_20' title='bbox 220 562 328 621; x_wconf 85' lang='lat' dir='ltr'>Lutatii</span> <span class='ocrx_word' id='word_1_21' title='bbox 351 560 451 622; x_wconf 86' lang='lat' dir='ltr'>Catuli</span> <span class='ocrx_word' id='word_1_22' title='bbox 471 578 601 631; x_wconf 83' lang='lat' dir='ltr'>nomen,</span> <span class='ocrx_word' id='word_1_23' title='bbox 629 560 700 619; x_wconf 87' lang='lat' dir='ltr'>inter</span> <span class='ocrx_word' id='word_1_24' title='bbox 720 575 799 621; x_wconf 78' lang='lat' dir='ltr'>tanta</span> 
     </span>
     <span class='ocr_line' id='line_1_5' title="bbox 119 640 797 724; baseline -0.007 -18"><span class='ocrx_word' id='word_1_25' title='bbox 119 644 266 706; x_wconf 66' lang='lat' dir='ltr'>casarum</span> <span class='ocrx_word' id='word_1_26' title='bbox 278 664 383 723; x_wconf 82' lang='lat' dir='ltr'>opera,</span> <span class='ocrx_word' id='word_1_27' title='bbox 398 662 488 724; x_wconf 84' lang='lat' dir='ltr'>nsque</span> <span class='ocrx_word' id='word_1_28' title='bbox 498 640 536 702; x_wconf 84' lang='lat' dir='ltr'>ad</span> <span class='ocrx_word' id='word_1_29' title='bbox 546 640 698 701; x_wconf 76' lang='lat' dir='ltr'>Vitellitm</span> <span class='ocrx_word' id='word_1_30' title='bbox 709 660 797 701; x_wconf 85' lang='lat' dir='ltr'>mau-</span> 
     </span>
     <span class='ocr_line' id='line_1_6' title="bbox 117 722 610 787; baseline -0.004 -1"><span class='ocrx_word' id='word_1_31' title='bbox 117 728 163 787; x_wconf 81' lang='lat' dir='ltr'>sit.</span> <span class='ocrx_word' id='word_1_32' title='bbox 179 726 223 785; x_wconf 79' lang='lat' dir='ltr'>Ea</span> <span class='ocrx_word' id='word_1_33' title='bbox 244 743 314 784; x_wconf 85' lang='lat' dir='ltr'>tunc</span> <span class='ocrx_word' id='word_1_34' title='bbox 332 722 407 785; x_wconf 73' lang='lat' dir='ltr'>zdes</span> <span class='ocrx_word' id='word_1_35' title='bbox 423 722 610 784; x_wconf 81' lang='lat' dir='ltr'>cremabatur.</span> 
     </span>
     <span class='ocr_line' id='line_1_7' title="bbox 158 802 798 885; baseline -0.003 -20"><span class='ocrx_word' id='word_1_36' title='bbox 158 804 331 867; x_wconf 89' lang='lat' dir='ltr'><strong>LXXIII.</strong></span> <span class='ocrx_word' id='word_1_37' title='bbox 355 804 412 865; x_wconf 81' lang='lat' dir='ltr'>Sed</span> <span class='ocrx_word' id='word_1_38' title='bbox 438 804 499 885; x_wconf 88' lang='lat' dir='ltr'>plus</span> <span class='ocrx_word' id='word_1_39' title='bbox 519 806 631 885; x_wconf 83' lang='lat' dir='ltr'>pavoris</span> <span class='ocrx_word' id='word_1_40' title='bbox 653 802 798 875; x_wconf 80' lang='lat' dir='ltr'>obsessis,</span> 
     </span>
     <span class='ocr_line' id='line_1_8' title="bbox 117 884 798 968; baseline -0.004 -20"><span class='ocrx_word' id='word_1_41' title='bbox 117 886 206 968; x_wconf 78' lang='lat' dir='ltr'>quim</span> <span class='ocrx_word' id='word_1_42' title='bbox 227 885 420 947; x_wconf 81' lang='lat' dir='ltr'>obsessoribus</span> <span class='ocrx_word' id='word_1_43' title='bbox 442 887 546 947; x_wconf 89' lang='lat' dir='ltr'>intulit.</span> <span class='ocrx_word' id='word_1_44' title='bbox 569 884 684 965; x_wconf 85' lang='lat' dir='ltr'>Quippe</span> <span class='ocrx_word' id='word_1_45' title='bbox 702 884 798 945; x_wconf 85' lang='lat' dir='ltr'>Vitel-</span> 
     </span>
     <span class='ocr_line' id='line_1_9' title="bbox 117 964 800 1049; baseline -0.004 -20"><span class='ocrx_word' id='word_1_46' title='bbox 117 972 212 1029; x_wconf 84' lang='lat' dir='ltr'>lianus</span> <span class='ocrx_word' id='word_1_47' title='bbox 230 966 333 1037; x_wconf 79' lang='lat' dir='ltr'>miles,</span> <span class='ocrx_word' id='word_1_48' title='bbox 353 986 445 1049; x_wconf 85' lang='lat' dir='ltr'>neque</span> <span class='ocrx_word' id='word_1_49' title='bbox 466 965 545 1039; x_wconf 83' lang='lat' dir='ltr'>astu,</span> <span class='ocrx_word' id='word_1_50' title='bbox 562 986 652 1049; x_wconf 83' lang='lat' dir='ltr'>neque</span> <span class='ocrx_word' id='word_1_51' title='bbox 671 964 800 1026; x_wconf 80' lang='lat' dir='ltr'>constan·</span> 
     </span>
     <span class='ocr_line' id='line_1_10' title="bbox 118 1048 799 1131; baseline -0.004 -22"><span class='ocrx_word' id='word_1_52' title='bbox 118 1049 160 1109; x_wconf 76' lang='lat' dir='ltr'>riis</span> <span class='ocrx_word' id='word_1_53' title='bbox 176 1052 249 1109; x_wconf 83' lang='lat' dir='ltr'>inter</span> <span class='ocrx_word' id='word_1_54' title='bbox 266 1048 353 1108; x_wconf 85' lang='lat' dir='ltr'>dubia</span> <span class='ocrx_word' id='word_1_55' title='bbox 368 1048 527 1131; x_wconf 81' lang='lat' dir='ltr'>indigebat.</span> <span class='ocrx_word' id='word_1_56' title='bbox 551 1048 595 1109; x_wconf 88' lang='lat' dir='ltr'>Ex</span> <span class='ocrx_word' id='word_1_57' title='bbox 614 1048 722 1107; x_wconf 84' lang='lat' dir='ltr'>diverso</span> <span class='ocrx_word' id='word_1_58' title='bbox 741 1066 799 1106; x_wconf 85' lang='lat' dir='ltr'>tre-</span> 
     </span>
     <span class='ocr_line' id='line_1_11' title="bbox 118 1128 798 1215; baseline 0 -26"><span class='ocrx_word' id='word_1_59' title='bbox 118 1131 180 1213; x_wconf 89' lang='lat' dir='ltr'>pidi</span> <span class='ocrx_word' id='word_1_60' title='bbox 204 1130 325 1199; x_wconf 86' lang='lat' dir='ltr'>milites,</span> <span class='ocrx_word' id='word_1_61' title='bbox 343 1128 399 1190; x_wconf 86' lang='lat' dir='ltr'>dux</span> <span class='ocrx_word' id='word_1_62' title='bbox 417 1132 535 1215; x_wconf 85' lang='lat' dir='ltr'>segnis,</span> <span class='ocrx_word' id='word_1_63' title='bbox 551 1139 579 1191; x_wconf 87' lang='lat'>&amp;</span> <span class='ocrx_word' id='word_1_64' title='bbox 595 1130 682 1190; x_wconf 86' lang='lat' dir='ltr'>veluti</span> <span class='ocrx_word' id='word_1_65' title='bbox 701 1148 798 1208; x_wconf 86' lang='lat' dir='ltr'>captus</span> 
     </span>
     <span class='ocr_line' id='line_1_12' title="bbox 118 1211 797 1297; baseline -0.006 -25"><span class='ocrx_word' id='word_1_66' title='bbox 118 1214 228 1282; x_wconf 86' lang='lat' dir='ltr'>animi,</span> <span class='ocrx_word' id='word_1_67' title='bbox 248 1233 308 1273; x_wconf 88' lang='lat' dir='ltr'>nou</span> <span class='ocrx_word' id='word_1_68' title='bbox 326 1212 444 1297; x_wconf 64' lang='lat' dir='ltr'>lingui,</span> <span class='ocrx_word' id='word_1_69' title='bbox 464 1234 524 1272; x_wconf 88' lang='lat' dir='ltr'>nou</span> <span class='ocrx_word' id='word_1_70' title='bbox 542 1211 655 1271; x_wconf 87' lang='lat' dir='ltr'>auribus</span> <span class='ocrx_word' id='word_1_71' title='bbox 677 1228 797 1290; x_wconf 88' lang='lat' dir='ltr'>compe-</span> 
     </span>
     <span class='ocr_line' id='line_1_13' title="bbox 72 1292 799 1375; baseline -0.004 -20"><span class='ocrx_word' id='word_1_72' title='bbox 72 1347 82 1355; x_wconf 86' lang='lat'>.</span> <span class='ocrx_word' id='word_1_73' title='bbox 119 1314 176 1353; x_wconf 84' lang='lat' dir='ltr'>tete</span> <span class='ocrx_word' id='word_1_74' title='bbox 194 1317 201 1351; x_wconf 83' lang='lat' dir='ltr'>t</span> <span class='ocrx_word' id='word_1_75' title='bbox 222 1314 258 1353; x_wconf 85' lang='lat' dir='ltr'>ne</span> <span class='ocrx_word' id='word_1_76' title='bbox 278 1314 315 1353; x_wconf 88' lang='lat' dir='ltr'>ue</span> <span class='ocrx_word' id='word_1_77' title='bbox 337 1294 436 1355; x_wconf 85' lang='lat' dir='ltr'>alienis</span> <span class='ocrx_word' id='word_1_78' title='bbox 460 1292 585 1353; x_wconf 87' lang='lat' dir='ltr'>consiliis</span> <span class='ocrx_word' id='word_1_79' title='bbox 603 1294 683 1375; x_wconf 84' lang='lat' dir='ltr'>tegi,</span> <span class='ocrx_word' id='word_1_80' title='bbox 695 1308 799 1373; x_wconf 73' lang='lat' dir='ltr'>&#39;neque</span> 
     </span>
     <span class='ocr_line' id='line_1_14' title="bbox 120 1316 797 1456; baseline -0.004 -20"><span class='ocrx_word' id='word_1_81' title='bbox 120 1398 170 1436; x_wconf 84' lang='lat' dir='ltr'>sua</span> <span class='ocrx_word' id='word_1_82' title='bbox 189 1316 320 1456; x_wconf 66' lang='lat' dir='ltr'>expolire</span> <span class='ocrx_word' id='word_1_83' title='bbox 344 1398 351 1431; x_wconf 79' lang='lat' dir='ltr'>r</span> <span class='ocrx_word' id='word_1_84' title='bbox 375 1373 518 1435; x_wconf 69' lang='lat' dir='ltr'>lucillae</span> <span class='ocrx_word' id='word_1_85' title='bbox 540 1372 710 1437; x_wconf 84' lang='lat' dir='ltr'>clamoribus</span> <span class='ocrx_word' id='word_1_86' title='bbox 729 1370 797 1433; x_wconf 86' lang='lat' dir='ltr'>bos·</span> 
     </span>
     <span class='ocr_line' id='line_1_15' title="bbox 118 1458 796 1538; baseline -0.003 -21"><span class='ocrx_word' id='word_1_87' title='bbox 118 1459 193 1517; x_wconf 87' lang='lat' dir='ltr'>tium</span> <span class='ocrx_word' id='word_1_88' title='bbox 210 1458 366 1538; x_wconf 82' lang='lat' dir='ltr'>clrcumagi</span> <span class='ocrx_word' id='word_1_89' title='bbox 378 1479 386 1515; x_wconf 83' lang='lat' dir='ltr'>t</span> <span class='ocrx_word' id='word_1_90' title='bbox 400 1477 463 1537; x_wconf 86' lang='lat' dir='ltr'>quae</span> <span class='ocrx_word' id='word_1_91' title='bbox 476 1461 592 1536; x_wconf 80' lang='lat' dir='ltr'>jusserat</span> <span class='ocrx_word' id='word_1_92' title='bbox 607 1474 718 1526; x_wconf 84' lang='lat' dir='ltr'>vetate,</span> <span class='ocrx_word' id='word_1_93' title='bbox 755 1476 796 1515; x_wconf 81' lang='lat' dir='ltr'>uae</span> 
     </span>
     <span class='ocr_line' id='line_1_16' title="bbox 117 1474 797 1619; baseline -0.004 -20"><span class='ocrx_word' id='word_1_94' title='bbox 117 1555 243 1599; x_wconf 85' lang='lat' dir='ltr'>vetuerat</span> <span class='ocrx_word' id='word_1_95' title='bbox 268 1535 374 1616; x_wconf 71' lang='lat' dir='ltr'>juben.</span> <span class='ocrx_word' id='word_1_96' title='bbox 403 1538 495 1610; x_wconf 84' lang='lat' dir='ltr'>Mox,</span> <span class='ocrx_word' id='word_1_97' title='bbox 521 1536 600 1619; x_wconf 88' lang='lat' dir='ltr'>quod</span> <span class='ocrx_word' id='word_1_98' title='bbox 624 1539 655 1597; x_wconf 89' lang='lat' dir='ltr'>in</span> <span class='ocrx_word' id='word_1_99' title='bbox 684 1474 797 1619; x_wconf 69' lang='lat' dir='ltr'>perlitis</span> 
     </span>
     <span class='ocr_line' id='line_1_17' title="bbox 115 1617 797 1700; baseline -0.006 -19"><span class='ocrx_word' id='word_1_100' title='bbox 115 1621 200 1681; x_wconf 81' lang='lat' dir='ltr'>rebus</span> <span class='ocrx_word' id='word_1_101' title='bbox 229 1617 356 1689; x_wconf 80' lang='lat' dir='ltr'>aceldit,</span> <span class='ocrx_word' id='word_1_102' title='bbox 385 1638 486 1681; x_wconf 84' lang='lat' dir='ltr'>omnes</span> <span class='ocrx_word' id='word_1_103' title='bbox 513 1620 678 1700; x_wconf 83' lang='lat' dir='ltr'>praecipere,</span> <span class='ocrx_word' id='word_1_104' title='bbox 710 1638 797 1679; x_wconf 86' lang='lat' dir='ltr'>nemo</span> 
     </span>
     <span class='ocr_line' id='line_1_18' title="bbox 117 1697 796 1781; baseline -0.003 -20"><span class='ocrx_word' id='word_1_105' title='bbox 117 1702 236 1781; x_wconf 85' lang='lat' dir='ltr'>exsequi</span> <span class='ocrx_word' id='word_1_106' title='bbox 254 1721 263 1758; x_wconf 77' lang='lat' dir='ltr'>t</span> <span class='ocrx_word' id='word_1_107' title='bbox 288 1697 451 1781; x_wconf 82' lang='lat' dir='ltr'>postremb,</span> <span class='ocrx_word' id='word_1_108' title='bbox 475 1701 592 1780; x_wconf 65' lang='lat' dir='ltr'>abjectis</span> <span class='ocrx_word' id='word_1_109' title='bbox 614 1702 722 1769; x_wconf 85' lang='lat' dir='ltr'>armis,</span> <span class='ocrx_word' id='word_1_110' title='bbox 745 1698 796 1759; x_wconf 84' lang='lat' dir='ltr'>fir-</span> 
     </span>
     <span class='ocr_line' id='line_1_19' title="bbox 141 1779 798 1862; baseline 0.002 -20"><span class='ocrx_word' id='word_1_111' title='bbox 141 1802 190 1842; x_wconf 86' lang='lat' dir='ltr'>am</span> <span class='ocrx_word' id='word_1_112' title='bbox 216 1791 245 1842; x_wconf 75' lang='grc' dir='ltr'>όι</span> <span class='ocrx_word' id='word_1_113' title='bbox 273 1781 391 1842; x_wconf 74' lang='lat' dir='ltr'>fallendi</span> <span class='ocrx_word' id='word_1_114' title='bbox 418 1800 490 1844; x_wconf 83' lang='lat' dir='ltr'>artes</span> <span class='ocrx_word' id='word_1_115' title='bbox 516 1779 798 1862; x_wconf 65' lang='lat' dir='ltr'>citcurnspelia&#39;bant.</span> 
     </span>
     <span class='ocr_line' id='line_1_20' title="bbox 118 1803 797 1948; baseline -0.003 -24"><span class='ocrx_word' id='word_1_116' title='bbox 118 1803 289 1943; x_wconf 71' lang='lat' dir='ltr'><strong>Inrumpunt</strong></span> <span class='ocrx_word' id='word_1_117' title='bbox 303 1862 470 1934; x_wconf 84' lang='lat' dir='ltr'>Vitelliani,</span> <span class='ocrx_word' id='word_1_118' title='bbox 484 1871 513 1924; x_wconf 75' lang='grc' dir='ltr'>δε</span> <span class='ocrx_word' id='word_1_119' title='bbox 527 1865 626 1922; x_wconf 65' lang='lat' dir='ltr'>cutilia</span> <span class='ocrx_word' id='word_1_120' title='bbox 640 1863 797 1948; x_wconf 82' lang='lat' dir='ltr'>sanguine,</span> 
     </span>
     <span class='ocr_line' id='line_1_21' title="bbox 118 1944 798 2026; baseline -0.004 -19"><span class='ocrx_word' id='word_1_121' title='bbox 118 1945 215 2015; x_wconf 85' lang='lat' dir='ltr'>ferro,</span> <span class='ocrx_word' id='word_1_122' title='bbox 239 1946 417 2026; x_wconf 80' lang='lat' dir='ltr'>flammisque</span> <span class='ocrx_word' id='word_1_123' title='bbox 435 1947 561 2005; x_wconf 85' lang='lat' dir='ltr'>miscent.</span> <span class='ocrx_word' id='word_1_124' title='bbox 585 1944 671 2004; x_wconf 81' lang='lat' dir='ltr'>Pauci</span> <span class='ocrx_word' id='word_1_125' title='bbox 693 1945 798 2004; x_wconf 82' lang='lat' dir='ltr'>milita·</span> 
     </span>
     <span class='ocr_line' id='line_1_22' title="bbox 118 2025 794 2107; baseline -0.004 -20"><span class='ocrx_word' id='word_1_126' title='bbox 118 2030 196 2087; x_wconf 88' lang='lat' dir='ltr'>rium</span> <span class='ocrx_word' id='word_1_127' title='bbox 217 2027 363 2098; x_wconf 89' lang='lat' dir='ltr'>virorum,</span> <span class='ocrx_word' id='word_1_128' title='bbox 385 2030 458 2086; x_wconf 88' lang='lat' dir='ltr'>inter</span> <span class='ocrx_word' id='word_1_129' title='bbox 476 2048 548 2107; x_wconf 90' lang='lat' dir='ltr'>quos</span> <span class='ocrx_word' id='word_1_130' title='bbox 574 2025 697 2084; x_wconf 63' lang='lat' dir='ltr'>maximi</span> <span class='ocrx_word' id='word_1_131' title='bbox 723 2027 794 2085; x_wconf 84' lang='lat' dir='ltr'>insi-</span> 
     </span>
     <span class='ocr_line' id='line_1_23' title="bbox 118 2106 797 2191; baseline 0.003 -25"><span class='ocrx_word' id='word_1_132' title='bbox 118 2129 208 2191; x_wconf 82' lang='lat' dir='ltr'>gnes,</span> <span class='ocrx_word' id='word_1_133' title='bbox 233 2106 384 2168; x_wconf 84' lang='lat' dir='ltr'>Cornelius</span> <span class='ocrx_word' id='word_1_134' title='bbox 401 2109 566 2177; x_wconf 83' lang='lat' dir='ltr'>Martialis,</span> <span class='ocrx_word' id='word_1_135' title='bbox 586 2107 724 2167; x_wconf 85' lang='lat' dir='ltr'>AEmilius</span> <span class='ocrx_word' id='word_1_136' title='bbox 744 2106 797 2168; x_wconf 91' lang='lat' dir='ltr'>Pa·</span> 
     </span>
     <span class='ocr_line' id='line_1_24' title="bbox 117 2188 794 2272; baseline -0.003 -22"><span class='ocrx_word' id='word_1_137' title='bbox 117 2191 228 2258; x_wconf 81' lang='lat' dir='ltr'>tensis,</span> <span class='ocrx_word' id='word_1_138' title='bbox 251 2188 401 2268; x_wconf 84' lang='lat' dir='ltr'>Casperius</span> <span class='ocrx_word' id='word_1_139' title='bbox 424 2191 536 2272; x_wconf 86' lang='lat' dir='ltr'>Niger,</span> <span class='ocrx_word' id='word_1_140' title='bbox 559 2189 662 2249; x_wconf 88' lang='lat' dir='ltr'>Didius</span> <span class='ocrx_word' id='word_1_141' title='bbox 677 2189 794 2262; x_wconf 83' lang='lat' dir='ltr'>Scaeva,</span> 
     </span>
     <span class='ocr_line' id='line_1_25' title="bbox 116 2270 796 2353; baseline 0 -23"><span class='ocrx_word' id='word_1_142' title='bbox 116 2289 244 2353; x_wconf 84' lang='lat' dir='ltr'>pugnam</span> <span class='ocrx_word' id='word_1_143' title='bbox 261 2273 343 2342; x_wconf 85' lang='lat' dir='ltr'>ausi,</span> <span class='ocrx_word' id='word_1_144' title='bbox 362 2271 570 2331; x_wconf 86' lang='lat' dir='ltr'>obtruncantur.</span> <span class='ocrx_word' id='word_1_145' title='bbox 593 2271 723 2330; x_wconf 83' lang='lat' dir='ltr'>Flavium</span> <span class='ocrx_word' id='word_1_146' title='bbox 742 2270 796 2330; x_wconf 89' lang='lat' dir='ltr'>Sa·</span> 
     </span>
     <span class='ocr_line' id='line_1_26' title="bbox 118 2351 796 2435; baseline 0.001 -24"><span class='ocrx_word' id='word_1_147' title='bbox 118 2354 242 2422; x_wconf 86' lang='lat' dir='ltr'>binum,</span> <span class='ocrx_word' id='word_1_148' title='bbox 262 2353 418 2423; x_wconf 83' lang='lat' dir='ltr'>inermem,</span> <span class='ocrx_word' id='word_1_149' title='bbox 441 2373 532 2434; x_wconf 86' lang='lat' dir='ltr'>neque</span> <span class='ocrx_word' id='word_1_150' title='bbox 554 2351 651 2435; x_wconf 81' lang='lat' dir='ltr'>fugam</span> <span class='ocrx_word' id='word_1_151' title='bbox 673 2370 796 2432; x_wconf 68' lang='lat' dir='ltr'>coeptan7</span> 
     </span>
     <span class='ocr_line' id='line_1_27' title="bbox 115 2432 793 2510; baseline -0.003 -16"><span class='ocrx_word' id='word_1_152' title='bbox 115 2453 197 2504; x_wconf 86' lang='lat' dir='ltr'>tem,</span> <span class='ocrx_word' id='word_1_153' title='bbox 218 2432 441 2504; x_wconf 84' lang='lat' dir='ltr'>circumsistunt,</span> <span class='ocrx_word' id='word_1_154' title='bbox 465 2443 493 2493; x_wconf 91' lang='lat'>&amp;</span> <span class='ocrx_word' id='word_1_155' title='bbox 520 2435 690 2510; x_wconf 73' lang='lat' dir='ltr'>Quiuffium</span> <span class='ocrx_word' id='word_1_156' title='bbox 711 2435 793 2494; x_wconf 85' lang='lat' dir='ltr'>Atti·</span> 
     </span>
     <span class='ocr_line' id='line_1_28' title="bbox 115 2511 792 2585; baseline -0.003 -10"><span class='ocrx_word' id='word_1_157' title='bbox 115 2535 183 2575; x_wconf 81' lang='lat' dir='ltr'>curn</span> <span class='ocrx_word' id='word_1_158' title='bbox 202 2515 367 2585; x_wconf 80' lang='lat' dir='ltr'>consulem,</span> <span class='ocrx_word' id='word_1_159' title='bbox 389 2512 490 2573; x_wconf 65' lang='lat' dir='ltr'>umbt&#39;a</span> <span class='ocrx_word' id='word_1_160' title='bbox 509 2511 649 2585; x_wconf 71' lang='lat' dir='ltr'>boumn,</span> <span class='ocrx_word' id='word_1_161' title='bbox 672 2512 792 2574; x_wconf 41' lang='lat' dir='ltr'>&amp;sura</span> 
     </span>
     <span class='ocr_line' id='line_1_29' title="bbox 114 2593 794 2678; baseline -0.001 -21"><span class='ocrx_word' id='word_1_162' title='bbox 114 2615 176 2657; x_wconf 87' lang='lat' dir='ltr'>met</span> <span class='ocrx_word' id='word_1_163' title='bbox 189 2597 314 2655; x_wconf 80' lang='lat' dir='ltr'>vanitate</span> <span class='ocrx_word' id='word_1_164' title='bbox 334 2593 538 2668; x_wconf 87' lang='lat' dir='ltr'>monstratum,</span> <span class='ocrx_word' id='word_1_165' title='bbox 557 2593 636 2678; x_wconf 85' lang='lat' dir='ltr'>qubd</span> <span class='ocrx_word' id='word_1_166' title='bbox 653 2595 744 2656; x_wconf 72' lang='lat' dir='ltr'>edicta</span> <span class='ocrx_word' id='word_1_167' title='bbox 763 2597 794 2656; x_wconf 85' lang='lat' dir='ltr'>in</span> 
     </span>
     <span class='ocr_line' id='line_1_30' title="bbox 88 2674 794 2760; baseline 0 -26"><span class='ocrx_word' id='word_1_168' title='bbox 88 2731 90 2734; x_wconf 78' lang='grc'>,</span> <span class='ocrx_word' id='word_1_169' title='bbox 115 2677 269 2760; x_wconf 85' lang='lat' dir='ltr'>populum,</span> <span class='ocrx_word' id='word_1_170' title='bbox 283 2697 333 2756; x_wconf 89' lang='lat' dir='ltr'>pro</span> <span class='ocrx_word' id='word_1_171' title='bbox 345 2678 522 2755; x_wconf 87' lang='lat' dir='ltr'>Vespasiano</span> <span class='ocrx_word' id='word_1_172' title='bbox 540 2674 710 2760; x_wconf 82' lang='lat' dir='ltr'>magnifica,</span> <span class='ocrx_word' id='word_1_173' title='bbox 729 2697 794 2756; x_wconf 91' lang='lat' dir='ltr'>pro-</span> 
     </span>
     <span class='ocr_line' id='line_1_31' title="bbox 115 2757 795 2841; baseline -0.003 -21"><span class='ocrx_word' id='word_1_174' title='bbox 115 2759 200 2821; x_wconf 83' lang='lat' dir='ltr'>brusa</span> <span class='ocrx_word' id='word_1_175' title='bbox 229 2759 360 2822; x_wconf 76' lang='lat' dir='ltr'>adsersus</span> <span class='ocrx_word' id='word_1_176' title='bbox 382 2758 533 2820; x_wconf 87' lang='lat' dir='ltr'>Vitellium</span> <span class='ocrx_word' id='word_1_177' title='bbox 561 2763 673 2841; x_wconf 85' lang='lat' dir='ltr'>jecerat.</span> <span class='ocrx_word' id='word_1_178' title='bbox 697 2757 795 2822; x_wconf 83' lang='lat' dir='ltr'>Ceteri</span> 
     </span>
    </p>
   </div>
   <div class='ocr_carea' id='block_1_3' title="bbox 0 0 1054 3650">
    <p class='ocr_par' dir='ltr' id='par_1_3' title="bbox 0 0 1054 3650">
     <span class='ocr_line' id='line_1_32' title="bbox 0 0 1054 3650; baseline 0 2"><span class='ocrx_word' id='word_1_179' title='bbox 0 0 1054 3650; x_wconf 95' lang='lat' dir='ltr'> </span> 
     </span>
    </p>
   </div>
  </div>
 </body>
</html>
