2100 3650
155 308 469 377 [instauraturi
484 307 570 376 lta.
584 308 656 376 [Ji.
685 322 747 397 ιρι

59 449 96 487 aa
104 428 175 507 jam
194 426 287 505 affore.
311 427 340 487 Is
360 446 446 487 tenor
467 426 621 489 obſtrudas
645 448 754 489 menter

60 509 199 567 consiliis
220 507 298 568 ducis
321 510 436 589 aperuit.
455 506 554 569 Sistere
577 511 689 569 tertiam
711 512 756 569 le·

61 592 191 729 {ionem
207 591 237 647 in
256 591 318 669 ipso
337 592 390 649 viae
412 588 562 650 Postumia
581 612 597 650 a
620 610 684 673 gere
702 596 753 671 ju-

84 690 115 729 et
126 716 138 740 ,
160 672 208 738 cui
225 674 319 749 jandin
335 692 352 729 a
372 672 444 731 iaevo
458 674 575 751 septima
590 612 754 745 dubiam,

64 753 182 831 patenti
199 772 301 831 rampo
322 750 414 822 sterit,
441 752 507 811 dein
530 754 648 833 septima
666 752 755 813 Clau·

65 832 178 902 diana,
201 831 302 915 agresti
317 830 392 892 fossi
407 835 469 904 <ita
487 834 565 893 locus
584 840 664 907 erar)
684 856 753 913 prae·

65 917 183 973 munira
195 937 205 984 3
229 913 348 983 dextro,
371 917 472 973 odava
496 934 545 995 per
564 934 688 993 apertum
712 916 751 973 li-

67 997 174 1053 mitem
187 1040 197 1065 ,
210 1015 278 1054 mox
292 995 506 1064 tertiadecima,
527 994 618 1055 densis
636 994 753 1057 arbustis

66 1079 229 1155 intercepta
253 1100 260 1132 ε
289 1074 335 1135 bic
365 1076 524 1157 aquilarum
553 1079 697 1159 signorum
719 1098 753 1135 ue

67 1158 146 1216 ordo
164 1181 171 1214 ι
191 1158 295 1217 milites
315 1160 397 1218 mixti
416 1177 464 1237 per
479 1158 625 1228 tenebras,
645 1176 675 1216 ut
697 1098 754 1218 iore

69 1240 205 1298 tulerat:
229 1242 424 1319 praetorianum
437 1240 572 1302 vexillum
593 1240 754 1318 proximum

69 1322 222 1390 tertianis3
248 1317 378 1381 cobortes
406 1321 575 1382 auxiliorum
599 1322 630 1379 in
658 1322 755 1379 corni·

70 1400 154 1461 bus:
181 1402 269 1461 latera
292 1423 325 1460 ac
351 1421 429 1484 terga
458 1402 552 1483 equite
573 1400 755 1465 circumdata.

71 1482 147 1543 Sido
165 1502 252 1563 arque
275 1483 410 1554 Italicus3
430 1482 536 1553 Suevi,
555 1502 619 1543 cum
642 1482 756 1545 delediis

72 1564 277 1644 popularium,
297 1567 413 1645 primori
436 1565 465 1623 in
487 1566 546 1625 acie
565 1564 754 1625 versabantur.

79 1682 84 1691 ,
114 1645 217 1708 XXII.
251 1646 290 1705 At
317 1647 487 1706 Vitellianus
522 1648 678 1716 exercitus,
711 1648 756 1705 cui

72 1730 254 1808 acquiescere
274 1726 446 1797 Cremonae,
469 1736 496 1787 &
511 1728 668 1807 reciperatis
691 1726 756 1787 cibo

74 1830 240 1889 somnoque
262 1810 388 1881 vitibus,
411 1807 573 1869 confodium
591 1809 687 1891 algore
708 1827 755 1867 at-

24 1905 27 1910 '
75 1911 133 1971 que
148 1889 246 1950 inedia
257 1888 384 1963 hostem,
400 1889 508 1971 posteri
528 1889 573 1949 die
590 1890 737 1971 profligare
746 1935 756 1962 ,

76 1993 110 2031 ac
130 1993 262 2053 proruere
282 1976 355 2032 tatio
379 1972 459 2044 fuit3
482 1969 596 2054 indigus
619 1972 758 2044 redioris,

77 2055 164 2134 inops
189 2054 321 2124 consilii,
345 2053 427 2113 tertii
443 2053 532 2112 ferme
558 2053 648 2112 nodiis
666 2048 757 2126 hori,

77 2138 186 2215 paratis
206 2140 266 2212 jam
286 2135 479 2216 dispositisque
495 2134 636 2193 Flavianis
653 2135 760 2214 impin:

79 2219 168 2299 gitur.
188 2216 330 2276 Ordinem
345 2218 486 2299 agminis,
503 2215 674 2296 disjedii'pet
687 2218 759 2276 iram

78 2320 113 2358 ar
123 2299 272 2370 tenebras,
287 2298 445 2358 adseverare
458 2319 516 2357 non
529 2299 618 2356 ausim
632 2321 639 2354 ι
652 2317 758 2376 quam-

81 2401 174 2462 quam
199 2381 250 2440 alii
271 2380 455 2452 tradiderint,
477 2397 601 2456 quartam
626 2377 760 2436 Macedo·

81 2465 194 2532 nicam,
210 2465 306 2522 dextro
323 2483 432 2520 suorum
448 2481 529 2519 cornu
537 2482 549 2530 ;
571 2460 710 2536 quintam,
733 2457 761 2519 θ

82 2545 363 2620 quintamdecimam,
383 2564 443 2601 cum
458 2541 574 2602 uexillis
593 2561 689 2608 aona,
710 2562 758 2600 se-

83 2628 246 2700 cundaque,
262 2622 457 2693 devicesimus,
474 2622 700 2682 Britannicarum
716 2623 760 2681 le-

82 2711 221 2786 gionum,
239 2707 361 2767 mediam
389 2706 474 2765 aciem
489 2726 503 2776 ,⁴
529 2703 761 2763 sextadecimanos

83 2789 420 2864 duoetvicest'mauosque,
450 2783 639 2861 &primanos
661 2786 762 2844 davum
