2100 3650
264 342 343 427 t98⁴
370 336 426 423 =C.
455 336 605 405 (ἴση.
638 338 824 407 ΤΛειΤι

263 455 336 523 stato
357 461 387 520 in
405 456 520 518 eosdem
535 454 592 517 dies
606 474 730 515 mercatu
749 476 943 541 congregata:

263 540 343 622 quod
363 537 557 601 defensoribus
577 538 712 597 auxilium
729 538 769 597 ob
788 540 945 599 multitudi-

262 642 362 691 nem,
393 618 622 702 oppugnantibus
655 620 877 681 incitamentum
908 620 946 679 ob

263 701 387 783 praedam
403 722 469 763 erat.
485 702 561 776 Rapi
578 701 656 781 ignes
673 700 815 759 Antonius
831 746 842 772 ,
861 702 947 779 infer-

264 786 337 861 rique
354 784 554 844 amoenissimis
567 802 645 842 extra
660 781 750 841 urbem
763 784 893 861 aedrfict'is
907 788 948 863 ju-

264 864 313 929 bet
324 886 335 936 3
346 867 383 926 ssi
396 864 503 925 damno
525 884 616 923 rerum
635 884 746 923 suarum
764 862 948 924 Cremonen·

264 966 306 1007 ses
324 945 361 1005 ad
373 946 540 1017 mutandam
556 944 643 1006 fidem
659 942 832 1003 traherentur
852 968 860 1002 t
882 966 947 1025 pro-

264 1028 371 1107 pinqua
393 1028 480 1087 muris
503 1030 594 1099 recia,
615 1024 845 1087 &altitudinem
868 1048 944 1085 rnoe·

264 1109 345 1171 nium
366 1130 491 1193 egressa,
513 1108 668 1169 fortissimo
689 1128 803 1188 quoque
819 1108 946 1167 militum

264 1190 388 1270 complet
409 1214 415 1247 ε
433 1190 475 1249 illi
490 1190 636 1260 trabibus,
657 1210 683 1249 te
705 1190 837 1269 ulisque,
859 1197 888 1249 &
907 1188 948 1249 fa·

264 1272 344 1347 ¹tibus
364 1292 583 1354 propugnatores
604 1211 762 1332 decutiant.

266 1407 271 1416 .
306 1353 418 1413 XXXI.
434 1354 498 1414 Jam
516 1354 542 1412 le
564 1354 643 1413 iones
656 1356 687 1413 in
702 1349 873 1413 testudinem
888 1352 947 1435 glo-

266 1434 465 1508 merabantur,
489 1444 517 1495 &
536 1375 585 1494 alii
606 1435 661 1495 tela
682 1454 804 1514 saxaque
829 1433 948 1492 incutio
984 1470 989 1476 -

265 1515 335 1578 bant
346 1561 356 1586 ,
369 1515 464 1597 'quum
480 1517 658 1598 languescere
680 1514 828 1597 paullatim
852 1514 947 1574 Vitel·

261 1596 407 1669 xlianorum
428 1599 530 1657 animi.
542 1598 586 1659 Ut
603 1599 665 1679 quis
681 1595 779 1655 ordine
799 1596 947 1667 anteibat,

265 1677 364 1739 cedere
377 1706 380 1711 ·
394 1676 513 1741 fortunae
534 1702 541 1737 t
573 1698 631 1750 ne,
660 1675 806 1741 Cremona
831 1698 948 1760 quoque

266 1758 382 1834 excisi,
406 1760 484 1828 nullu
507 1758 580 1821 ultra
601 1762 707 1837 venia,
730 1760 883 1842 omnisque
907 1762 947 1821 ira

265 1845 403 1922 victoris,
424 1865 484 1904 uon
500 1845 531 1903 in
548 1843 648 1927 vulgus
662 1845 762 1924 inops,
784 1842 834 1902 sed
851 1843 884 1904 in
902 1843 948 1904 tri·

266 1926 360 2002 bunos
377 1926 629 2006 centurionesque,
651 1926 701 1986 ubi
720 1926 840 2006 pretium
864 1924 947 1988 caedis

266 2027 348 2081 crat,
371 2027 557 2068 reverteretur.
586 2007 738 2090 Gregarius
766 2007 871 2078 miles,
898 2005 929 2075 fu

267 2092 322 2153 turi
335 2110 447 2160 socors,
468 2098 496 2150 δε
517 2089 697 2171 ignobilitate
717 2089 821 2160 tutior,
842 2087 948 2168 persta·

267 2170 345 2242 bat:
368 2173 437 2254 vagi
453 2191 501 2251 per
523 2172 604 2244 vias,
628 2172 658 2230 in
680 2169 813 2230 domibus
834 2169 948 2242 abditi,

237 2304 241 2308 ,
266 2269 368 2332 pacem
395 2272 431 2311 ne
458 2264 520 2313 tum
548 2251 665 2332 quidem
691 2251 833 2322 orabant,
859 2273 949 2332 quum

269 2333 376 2392 bellum
393 2334 557 2413 posuissent.
571 2333 710 2394 Primores
728 2330 880 2393 castrorum
898 2355 950 2392 no·

266 2436 337 2475 meu
354 2434 438 2495 arque
457 2415 595 2497 imagines
615 2415 727 2476 Vitellii
745 2414 921 2474 amoliuntur
941 2437 949 2474 ε

270 2517 382 2568 catenas
402 2495 524 2557 Caecinae
540 2500 633 2568 (nam
651 2497 739 2556 etiam
755 2515 817 2556 tum
837 2497 950 2556 vinctus

270 2585 352 2652 erar)
374 2577 542 2648 exsolvunt,
562 2596 718 2658 orantque,
737 2595 768 2650 to
788 2598 877 2636 causa
896 2597 952 2637 suae

270 2662 426 2733 deprecator
439 2660 582 2740 adsistat:
597 2659 810 2740 adspernantem
830 2677 948 2716 tumen-

270 2756 384 2820 temque
398 2740 531 2818 lacrymis
553 2738 683 2825 fatigant.
706 2739 872 2800 Extremum
892 2761 952 2798 ma·

271 2821 378 2896 lorum,
392 2839 434 2882 tot
444 2819 591 2884 fortissimi
608 2823 681 2895 viri,
699 2819 851 2908 proditoris
865 2841 951 2903 opem
