2100 3650
190 243 508 310 Hrsronrnnum.
534 236 620 304 Ire,
647 239 679 306 1.
748 261 789 328 23

118 363 244 434 tribuni,
274 383 288 419 e
317 361 446 440 praetorio
485 359 628 418 Antonius
660 357 794 435 Taurus,

120 453 147 504 &
167 444 310 504 Antonius
327 441 408 500 Naso
425 463 432 497 ε
450 459 485 498 ex
504 439 618 499 urbanis
631 438 797 504 cohortibus

120 523 257 586 AEmilius
268 523 398 582 Pacensis
409 544 417 578 t
430 541 446 578 e
457 520 565 603 vigiliis
575 521 667 581 Julius
679 523 796 584 Fronto.

121 606 184 667 Nee
225 603 383 663 remedium
413 604 444 662 in
484 620 590 661 ceteros
621 600 706 675 fuit,
748 603 799 664 scd

121 684 213 746 metits
241 686 377 752 initium3
402 701 550 762 tamquam
577 702 626 762 pet
656 704 745 744 artem
770 694 799 746 δι

122 765 307 827 formidinem
328 763 432 846 singuli
455 763 643 842 pelletentur,
665 768 800 828 omnibus

123 849 266 926 stupeatis.

165 928 249 988 XXI.
283 927 393 986 Interea
419 922 590 997 Othonem,
612 930 659 986 cui
682 947 802 1009 compo·

125 1012 187 1070 sitis
213 1009 294 1068 rebus
322 1007 399 1066 nulla
426 1027 509 1086 spes,
536 1011 670 1068 amneio
690 1011 803 1071 turbido

129 1091 307 1158 consilium,
332 1089 421 1148 multa
447 1087 534 1148 simul
556 1087 798 1151 emiimulabant:

129 1174 238 1232 luxuria
257 1171 343 1228 etiam
356 1170 475 1249 principi
492 1189 631 1240 onerosa,
647 1172 743 1252 inopia
756 1175 806 1234 vix

129 1256 247 1335 privato,
257 1250 418 1321 toleranda,
437 1252 468 1309 in
481 1250 608 1310 Galbam
625 1252 688 1324 ita,
705 1254 735 1312 in
752 1253 805 1313 Pi-

133 1355 233 1400 sonem
253 1333 368 1392 invidia.
389 1331 574 1414 Fingebat&
595 1351 724 1404 metum,
768 1335 808 1396 uo

133 1417 228 1498 magis
256 1415 470 1492 concupisceret.
497 1411 671 1492 Pragrauem
694 1437 725 1476 se
748 1355 809 1476 ite·

134 1499 195 1556 roni
205 1497 299 1574 fuisse
321 1517 392 1554 :nec
406 1494 583 1552 Lusitaniam
593 1517 687 1556 rursus
703 1495 810 1557 &alte-

135 1581 192 1638 rius
209 1577 306 1636 exsilii
323 1575 449 1634 honorem
461 1580 666 1650 exspetiandum
679 1601 690 1635 .·
701 1599 810 1652 suspee-
867 1614 870 1620 ,

134 1678 191 1718 tum
213 1679 319 1732 semper
332 1657 501 1732 invisumque
521 1659 744 1730 continentibus,
764 1663 813 1737 qui

131 1740 277 1817 proximus
290 1739 469 1818 destinaretur.
484 1738 622 1798 Nocuisse
634 1741 729 1800 insiti
743 1743 818 1814 apud

138 1844 229 1883 senem
246 1819 398 1894 principem
423 1844 433 1878 .·
461 1821 550 1898 magis
572 1822 724 1880 nociturum
743 1827 818 1896 apud

133 1905 286 1985 juvenem,
306 1901 415 1979 ingenio
433 1918 553 1971 trucem,
570 1898 597 1961 ἃ
616 1902 696 1982 longo
714 1906 817 1963 exsilio

140 1985 290 2062 efferatum.
315 1981 412 2041 Occidi
433 1980 572 2041 Othonem
582 2004 665 2058 posse
679 2008 690 2041 .·
702 1986 819 2059 proinde
847 2016 851 2021 ·

141 2068 274 2143 agendum
289 2064 502 2139 audendamque,
521 2066 585 2123 dum
609 2065 705 2125 Galba
721 2074 816 2127 autie-

144 2150 212 2206 ritas
223 2148 323 2225 fluxa,
334 2143 449 2203 Pisonis
465 2148 745 2207 nondumeoaluisset.
761 2148 819 2224 Op·

141 2247 273 2303 parturies
289 2226 396 2303 magnis
414 2226 553 2286 conatibus
563 2228 699 2289 transitus
707 2251 819 2289 renem:

146 2334 190 2370 nec
213 2309 380 2367 cunctatione
404 2330 491 2382 opus,
515 2307 561 2366 ubi
576 2310 760 2384 perniciosior
779 2312 820 2371 sit

146 2394 235 2467 quies,
253 2386 334 2465 quim
346 2391 494 2447 temeritas.
512 2388 635 2449 Mortem
649 2393 771 2451 omnibus
786 2416 821 2451 ex

148 2492 247 2531 natura
264 2470 409 2547 aqualem,
431 2470 570 2530 oblivione
592 2474 665 2545 apud
680 2474 798 2555 posteros
810 2520 838 2551 ,ι

149 2554 195 2615 uel
207 2552 299 2631 gloriai
319 2550 456 2631 distingui.
475 2550 519 2610 Ac
537 2555 566 2611 si
585 2571 722 2613 nocentem
741 2557 824 2613 inna-
889 2567 896 2579 ¹

151 2653 300 2709 centumque
314 2632 385 2690 idem
398 2632 489 2693 exitus
501 2653 628 2706 maneat,
638 2638 753 2697 acrioris
765 2636 825 2702 viri

154 2738 227 2786 esse,
244 2712 342 2775 meriti
352 2714 453 2787 perire.
