2100 3650
219 267 259 331 18
338 263 375 332 C.
404 264 557 335 Coun.
589 228 793 335 Tucrrr

216 382 281 460 quia
296 385 482 460 propinquos,
504 405 552 444 aut
568 387 658 445 socios
679 385 745 444 belli
764 405 818 443 non
838 383 895 443 ltu·

217 463 292 523 heum
299 487 313 536 ,·
333 468 383 523 scd
400 487 482 542 neque
500 469 559 541 ipse
579 467 721 540 imperium
744 465 896 524 ambitione

218 546 307 618 accepi
317 588 327 614 ,
356 543 382 604 ἃ
398 548 501 626 judicii
528 550 583 606 mei
602 552 787 606 documentum
811 549 896 617 sint,

218 647 272 684 nort
290 646 353 684 men
373 645 480 685 tuntum
504 630 734 698 necessitudines,
754 649 823 705 quos
841 625 898 684 tibi

213 706 352 785 postposui
360 754 372 777 ,
387 712 437 767 sed
452 706 480 768 Θ
503 727 564 769 tuce.
579 711 628 790 Est
646 709 698 767 tibi
705 709 817 786 fr'oter,
829 709 900 782 pari

219 787 381 859 nobilitate,
391 809 457 847 notu
471 793 577 871 major,
592 793 689 869 dignus
706 789 756 848 huc
760 790 877 867 fortuni
885 831 898 859 ,

220 868 280 926 nisi
295 887 324 926 tu
339 870 435 943 potior
451 893 535 930 esses.
551 873 596 930 Ec
614 891 681 930 utus
695 889 742 928 tua
750 915 761 939 ,
779 891 836 946 qun
851 891 900 928 cu·

215 949 350 1023 pio'itates
362 953 614 1034 adolescentiaejum
624 952 746 1032 effugerit
760 975 770 1008 :
782 973 815 1011 eu
822 953 899 1021 vitu,

221 1030 252 1090 in
264 1052 316 1104 qua
326 1032 574 1106 nihilpronn'tum
593 1035 773 1092 excusandum
782 1031 897 1090 habeas.

220 1110 369 1171 Fortunam
394 1113 482 1185 udituc
506 1133 614 1174 eentum
635 1117 780 1173 adversum
800 1113 898 1192 tulisti.

224 1191 350 1254 Secundn
367 1216 409 1252 res
428 1196 579 1254 acrioribus
591 1196 713 1276 stimulis
729 1195 835 1252 animos
852 1214 903 1250 ex·

219 1275 331 1348 plorant
343 1299 354 1333 .-
367 1277 433 1352 quia
449 1279 565 1336 miserim
580 1277 750 1344 tolerantur,
761 1275 904 1354 felicitate

224 1357 425 1430 corrumpimur.
453 1357 575 1426 Fidem,
596 1356 770 1424 libertatem,
801 1353 903 1412 amici-

225 1437 315 1506 tiam,
342 1439 477 1510 precipua
506 1438 620 1494 humani
647 1438 734 1494 animi
756 1435 847 1504 bona,
870 1452 905 1491 tu

226 1519 331 1592 quidem
349 1519 439 1575 eidem
458 1519 606 1598 constantii
620 1517 770 1587 retinebis5
786 1515 908 1575 sedulii

222 1618 275 1670 per
289 1596 442 1672 obsequium
458 1599 628 1658 imminuent.
649 1598 788 1671 Inrumpet
804 1597 906 1654 adula-

227 1677 290 1746 tio,
309 1677 466 1748 blanditiae,
480 1681 630 1753 pessimum
647 1679 708 1739 ueri
730 1676 839 1755 affeceris
859 1698 909 1736 vc·

228 1779 346 1829 nereum,
363 1782 414 1818 suo
429 1761 521 1838 cuique
540 1761 659 1818 utilitas.
676 1760 773 1818 Etiam
785 1780 853 1838 ego,
871 1777 910 1817 uc·

228 1856 258 1898 tu
265 1886 276 1911 ,
293 1841 500 1915 simplicissimi
509 1846 640 1903 internos
652 1841 732 1900 hodie
745 1842 880 1917 loquimur
889 1860 909 1912 5

230 1923 312 1981 ceteri
333 1924 462 1983 libentius
487 1946 547 1983 cum
559 1924 675 2001 fortuna
697 1923 805 2016 nostra,
826 1919 910 1998 quiem

230 2002 377 2062 nobiscum.
399 2005 475 2063 Nam
488 2007 600 2063 sundere
609 2004 731 2079 principi
744 2004 816 2081 quod
828 2022 913 2076 opor·

233 2100 310 2153 teat,
332 2086 412 2143 multi
433 2084 535 2144 loboris
553 2109 564 2143 .-
581 2087 731 2144 ussentctio
748 2106 811 2162 erga
824 2084 911 2156 prin-

232 2164 318 2238 cipem
330 2186 532 2243 quemcumque,
545 2168 606 2225 sine
626 2164 720 2243 uffeim
733 2165 883 2242 peragitur.

273 2244 357 2305 XVI.
375 2244 410 2304 Si
429 2248 588 2305 immensum
607 2249 715 2320 imperii
731 2266 824 2319 eorpus
835 2245 912 2325 stare

234 2347 266 2388 ac
284 2325 382 2385 librari
395 2329 455 2387 sine
468 2334 565 2388 miore
575 2345 691 2402 posset,
706 2329 803 2406 dignus
817 2346 911 2395 eram,

234 2428 253 2464 o
266 2429 315 2484 quo
332 2408 435 2483 respub.
449 2411 588 2484 inciperet.
600 2409 682 2467 Nunc
693 2409 723 2467 eo
736 2406 913 2465 necessitatis

226 2488 394 2568 jampridem
411 2509 521 2551 uentum
540 2492 589 2572 est,
608 2508 638 2547 ut
654 2512 702 2549 nec
716 2509 776 2547 mec
790 2492 912 2545 senec'ius

234 2570 351 2645 conferre
367 2572 433 2645 plus
444 2572 545 2645 populo
563 2570 688 2629 Romano
702 2570 810 2645 possit,
830 2567 913 2644 quiem

236 2649 332 2708 bonum
350 2673 546 2722 successorem,
570 2674 618 2710 nec
636 2669 684 2709 tue
699 2652 763 2725 plus
773 2649 914 2729 juventa,

239 2728 318 2809 quium
344 2731 441 2792 bonurn
460 2734 621 2809 principem.
638 2731 694 2793 Sub
721 2730 857 2801 Tiberio,
884 2725 915 2789 ἃ
