2100 3650
254 345 326 417 254
377 324 415 393 C.
443 322 593 394 eoas.
625 324 822 392 TAcrrr

253 441 513 529 perfringendarum
536 441 694 513 domuum;
715 443 761 504 vel
780 445 804 504 si
824 438 932 505 resiste«

252 544 345 598 tetur,
364 547 445 585 causa
463 524 548 585 'caedis
571 548 579 583 z
602 546 653 585 nec
669 524 763 585 deerat
782 529 929 609 egentissi-

253 626 317 668 mus
336 608 453 689 quisque
474 628 507 665 ex
532 607 612 686 plebe
636 630 643 665 z
666 616 692 667 δι
714 608 828 687 pessimi
846 611 930 669 servi·

252 690 358 748 riorum
376 688 490 768 prodere
512 690 585 748 ultro
606 688 676 749 dites
695 686 830 749 dominos
849 712 857 745 :
878 691 928 751 alii

252 770 290 833 ab
308 772 407 831 amicis
424 769 658 831 monstrabantur.
674 770 791 851 Ubique
811 772 926 832 lamen·
949 804 951 809 ·

253 868 305 922 ta,
336 852 603 923 conclamationes,
633 861 661 913 δι
695 850 807 913 fortuna
843 870 930 932 captat

253 932 329 993 urbis
352 954 359 990 t
384 932 456 993 adeo
479 954 510 992 ut
538 930 699 994 Othoniani
724 934 929 1015 Vitellianique

252 1015 352 1075 militis
372 1015 515 1075 invidiosa
536 1034 617 1075 antea
639 1015 791 1096 petulantia
813 1015 927 1077 deside-

251 1115 364 1169 raretur.
388 1095 482 1171 Duces
505 1100 647 1177 partium,
675 1096 855 1157 accendendo
882 1098 927 1157 ci-

251 1178 304 1236 vili
322 1178 397 1237 bello
416 1199 513 1249 acres,
532 1179 718 1259 temperandae
738 1180 861 1239 vidioriae
877 1180 929 1239 im·

252 1278 332 1341 pares
349 1283 358 1319 r
376 1261 480 1341 quippe
495 1262 526 1319 in
547 1260 682 1321 turbas&
700 1259 852 1321 discordias
865 1282 928 1340 pes-

248 1341 326 1400 simo
354 1342 454 1423 cuique
479 1343 601 1421 plurima
624 1342 667 1402 vis
689 1365 697 1399 ι
721 1360 776 1423 pax
798 1350 826 1402 ὃ(
848 1342 929 1424 quies

253 1421 336 1483 bonis
357 1424 461 1483 artibus
480 1424 618 1507 indigent.

294 1502 332 1563 ll.
350 1505 466 1581 Nomen
484 1506 634 1586 sedemque
651 1502 772 1565 Caesaris
785 1504 929 1566 Domitia·

252 1604 304 1644 nus
319 1606 478 1665 acceperam
495 1587 622 1645 nondum
642 1585 677 1645 ad
695 1606 773 1645 curas
789 1588 928 1661 intentus,

251 1665 301 1724 sed
331 1665 428 1749 stupris
458 1676 485 1727 &
513 1668 655 1727 'adulteriis
678 1664 768 1726 lilium
797 1668 930 1748 principis

251 1748 364 1831 agebat.
398 1747 564 1810 Praefeaura
597 1750 717 1831 praetorii
748 1768 833 1830 penes
866 1751 927 1809 Ar·

249 1831 324 1890 rium
338 1834 448 1892 Varum
467 1856 476 1892 r
496 1854 607 1892 summa
628 1834 759 1913 potentia
779 1835 808 1891 iu
832 1831 930 1894 Primo

250 1912 411 1974 Antonio:
441 1916 464 1974 is
489 1917 637 1995 pecuniam
664 1913 883 1995 familiamque,
912 1933 930 1976 e

251 1995 384 2076 principis
401 1997 509 2066 domo,
528 1999 608 2078 quasi
625 1995 849 2057 Cremonensem
862 2016 931 2076 prae·

252 2075 335 2148 dam,
355 2099 449 2158 rapere
468 2102 476 2135 z
498 2081 581 2137 ceteri
604 2076 759 2149 modestia,
778 2079 825 2136 vel
843 2080 930 2160 igno·

251 2157 381 2230 bilitate,
403 2179 434 2218 ut
448 2162 478 2220 in
494 2160 569 2220 bello
590 2160 720 2230 obscuri,
742 2161 781 2220 ita
798 2161 931 2239 praemio·

251 2258 313 2297 rum
333 2260 464 2320 expertes.
484 2240 597 2302 Civitas
623 2241 748 2320 pavida‘
768 2251 794 2301 &
815 2242 931 2302 servitio

252 2323 497 2403 parata‚occuperi
505 2326 654 2384 redeuntem
667 2324 818 2384 Tarracina
825 2323 859 2381 L.
876 2323 908 2382 V
904 2323 931 2380 ἰ-

252 2405 359 2463 tellium
376 2426 436 2462 cum
452 2404 623 2476 cohortibus,
635 2407 815 2486 exstinguique
826 2405 931 2482 reliqua
1013 2407 1017 2414 ’

251 2485 338 2556 delli,
362 2483 529 2564 postulabat.
550 2486 688 2546 Praemissi
704 2488 829 2546 Aritium
852 2489 931 2566 equi·

252 2583 294 2626 res
315 2590 323 2625 t
339 2588 443 2648 agmen
456 2568 602 2652 legionum
620 2571 691 2627 intra
707 2569 830 2628 bovillas
844 2565 930 2630 stetit.

253 2647 315 2708 Nee
333 2652 476 2709 tundimus
498 2649 536 2708 est
558 2650 709 2722 Vitellius,
732 2659 860 2731 seque&
880 2670 931 2718 ιο,-

253 2726 346 2788 bortes
361 2731 477 2790 arbitrio
494 2733 608 2792 vitiosis
625 2733 791 2811 permittere.
810 2732 848 2792 Et
867 2733 926 2789 mi-

252 2811 293 2872 les
313 2811 437 2874 infelicia
455 2835 553 2887 arma,
572 2810 648 2875 haud
662 2813 755 2878 miritis
770 2810 826 2887 iri,
840 2809 928 2896 quim
