2100 3650
207 280 516 349 Hrsromarum
530 279 661 349 lirul.
722 306 765 371 43

97 399 182 460 ceteri
204 418 251 459 ma
274 396 390 458 istratus.
409 398 566 459 Accumunt
583 419 674 480 patres
695 423 702 458 ε
724 402 772 461 de·

98 481 220 540 cernitur
280 477 362 540 thoni
395 480 541 540 tribunicia
566 485 684 563 potestas
699 528 711 552 ,
744 481 773 543 dr

97 584 194 622 nomeu
206 560 323 642 Augusti
332 605 344 629 ‚
365 557 392 620 δ’
411 583 503 620 omnes
516 562 672 636 principum
688 564 773 622 hono·

97 664 164 712 τις,
184 641 377 702 annitentibus
391 643 497 701 cunetis
515 642 627 701 abolere
643 646 771 706 convicia

97 743 130 783 ac
143 723 266 802 probra,
287 743 350 803 quae
372 722 530 802 promiscue
547 726 641 802 jadra,
662 721 773 785 haesisse

97 807 197 865 muno
217 807 276 883 ejus
293 824 378 863 nemo
394 805 502 864 sensit:
524 805 662 864 omisisset
673 802 770 866 offen·

99 906 142 946 sas
158 930 168 957 ‚
183 908 222 945 an
240 882 405 957 distulisset,
426 885 561 944 brevitate
571 886 773 965 imperiiinin·

98 985 174 1026 certo
198 965 262 1024 fuit.
287 962 370 1026 Otho
385 1011 397 1035 ‚
421 984 536 1026 cruento
563 963 655 1026 adhuc
683 966 772 1040 foro,

97 1067 145 1127 pet
173 1044 294 1186 strapern
318 1047 469 1125 iacentium
485 1091 497 1115 ,
517 1049 548 1106 in
568 1047 771 1127 Capitolium,

97 1147 184 1209 atque
198 1128 228 1186 in
250 1147 264 1184 e
277 1129 306 1186 in
319 1128 453 1207 palatium
463 1130 578 1198 vectus,
589 1131 696 1188 concedi
707 1151 770 1187 cor·
854 1141 856 1147 ’

93 1231 165 1285 pora
185 1209 349 1283 sepultura,
368 1211 530 1286 cremarique
542 1211 676 1288 permisit.
693 1209 774 1268 Piso-

98 1311 166 1350 nem
188 1290 315 1349 Verania
340 1310 431 1361 uxor,
454 1311 487 1349 ac
508 1288 593 1349 frater
611 1290 774 1350 Scribonia-

98 1393 168 1443 nus,
181 1371 220 1430 T.
237 1371 359 1430 Vinium
373 1370 506 1449 Crispina
516 1368 583 1448 sfilia
605 1391 774 1451 composue-

99 1473 149 1523 re,
172 1453 295 1531 quaesitis
312 1449 517 1532 redemptisque
537 1453 690 1531 capitibus,
712 1473 774 1534 quat

98 1534 213 1596 venalia
237 1531 426 1592 intersediores
445 1551 627 1592 servaverant.

139 1612 282 1674 XLVIII.
318 1614 385 1674 Piso
414 1633 502 1672 unum
536 1622 564 1671 u
601 1613 774 1673 tricesimum

101 1697 193 1756 aetatis
221 1714 329 1754 annum
352 1693 504 1773 explebat,
532 1691 611 1752 famdt
638 1695 774 1766 meliore,

122 1775 190 1837 uim
201 1774 323 1837 fortuna
339 1775 444 1835 Fratres
455 1779 511 1855 ejus
521 1775 669 1857 Magnum
683 1774 775 1835 Clau-

101 1798 165 1919 dius
190 1904 199 1929 ,
226 1857 361 1919 Crassum
388 1856 466 1916 Nero
488 1855 690 1915 interfecerant.
713 1855 776 1935 Ipse

101 1940 151 2001 diu
181 1939 287 2008 exsul,
315 1938 463 2019 quatriduo
489 1937 606 2007 Caesar,
629 1936 777 2017 properati

100 2020 257 2101 adoptione
284 2017 320 2081 ad
346 2016 401 2079 hoc
434 2036 544 2079 tantum
569 2018 672 2097 majori
697 2017 777 2079 fratri

100 2102 231 2185 praelatus
245 2097 302 2171 est,
317 2118 347 2159 ut
365 2100 439 2180 prior
458 2098 637 2159 occideretur.
659 2097 696 2158 T.
713 2100 774 2157 Vi·
838 2120 843 2129 ’

100 2185 165 2243 nius
175 2183 383 2321 quinquaginta
397 2199 502 2259 septam
515 2202 604 2241 anuos
614 2182 698 2240 variis
710 2200 778 2241 mo·

101 2264 180 2325 ribus
205 2265 273 2347 egit.
322 2280 380 2323 ater
397 2263 440 2323 illi
459 2282 474 2320 e
495 2259 622 2342 praetoriit
641 2259 776 2332 familia,

101 2364 245 2407 maternus
270 2364 337 2404 avus
353 2363 367 2401 e
383 2344 550 2424 proscriptis.
568 2341 663 2401 Primis
673 2340 776 2401 militia

101 2426 240 2495 infamis,
260 2426 385 2507 legatum
402 2424 560 2485 Calvisium
570 2424 708 2484 Sabinum
723 2419 777 2482 ha-
839 2457 843 2465 ·

102 2506 203 2568 buerat
225 2529 232 2563 t
250 2512 326 2586 eujus
337 2525 423 2576 uxor,
441 2502 517 2565 mali
527 2503 657 2584 cupidine
666 2501 776 2563 visendi

102 2590 190 2649 situm
207 2584 381 2656 castrorum,
400 2606 447 2667 per
467 2588 580 2646 nostem
597 2584 712 2643 militari
723 2581 776 2643 ha-

102 2668 166 2729 bitu
179 2671 325 2752 ingressa,
348 2688 434 2747 quum
453 2668 567 2749 vigilias
579 2674 606 2726 &
620 2684 708 2724 cetera
719 2666 776 2723 mi·
846 2665 854 2678 ‘

103 2750 172 2811 litia
192 2750 292 2812 munia
309 2745 408 2809 eidem
418 2746 533 2811 lascivi&
544 2763 722 2819 temerasset,
744 2748 776 2809 iu
