2100 3650
209 307 536 395 Hrsronrrnu-nr
555 302 703 364 Nuria.
748 314 806 379 365

165 413 238 466 XXI.
267 430 292 467 ι.
319 411 401 463 Etiam
421 413 536 477 principi.
563 410 664 461 Etiamsi
691 411 809 478 princeps

125 488 230 539 luisset.

168 579 194 612 2.
208 552 331 611 Transirns
344 575 425 609 rerum.
441 559 508 608 Dum
524 574 565 607 res
580 557 607 607 in
617 569 687 609 motu
705 569 809 623 essent,

127 633 156 685 ἃ
166 640 196 685 ab
207 651 257 683 uno
268 634 292 683 in
301 632 375 683 alium
384 631 589 682 transferremur.

166 708 250 757 XXII.
274 722 297 757 1.
319 704 354 755 Ut
370 722 414 754 sara
430 706 581 767 ostentantes.
600 704 723 756 Nimirum
740 692 809 757 servi

127 781 169 831 iili
181 797 284 847 nequam
295 782 346 829 hare
356 778 447 846 flagitia
462 776 575 840 Othoni,
587 779 609 828 si
620 795 702 829 rerum
713 781 810 845 potire·

128 864 186 915 tur,
197 866 224 904 ut
241 854 307 903 licita
319 854 487 911 ostentabant5
499 852 637 918 quiescenti
648 850 710 903 verri
723 854 811 905 eadem

130 930 330 995 exprobrabant,
348 937 470 992 tamquam
484 924 613 975 interdiltn
629 928 736 992 privato.

168 1016 194 1051 2.
219 999 340 1049 Librarius
363 1000 461 1049 obscura
490 1001 605 1049 credendi.
623 999 709 1068 Vulgo
732 1005 806 1054 eroli.

129 1074 276 1127 Emendauit
296 1073 419 1137 Pichenn,
433 1072 591 1125 adsentiente
609 1073 710 1142 lipsio,
724 1076 751 1127 δι
769 1090 811 1127 re·

128 1148 199 1212 cepit
215 1145 337 1198 Ernellus.

168 1221 264 1272 xxtrr.
277 1237 301 1273 r.
316 1222 451 1287 Campania
465 1222 535 1271 incus
547 1254 574 1271 ..
583 1255 591 1273 .
600 1223 667 1271 odire
677 1222 756 1271 soliti.
765 1224 808 1274 De

129 1291 287 1345 Pratotiarris
304 1294 407 1356 dilium,
422 1311 525 1362 quorum
543 1311 599 1361 pars
613 1295 700 1347 Galbae
713 1297 738 1345 in
750 1295 809 1347 His·

129 1370 226 1437 paniam
238 1372 314 1434 usque
324 1370 421 1419 obviam
436 1369 499 1417 ierat
509 1386 517 1418 ε
528 1368 600 1434 idque
608 1368 716 1436 scriptor
725 1386 811 1422 narra·

129 1455 203 1495 verat
216 1444 241 1491 in
255 1442 518 1508 affisanni8r1.quoe
529 1442 640 1509 periere.

169 1516 263 1567 XXIV·
283 1532 306 1567 1.
325 1512 372 1565 Per
386 1519 485 1581 speciem
505 1516 620 1568 convivii.
637 1516 811 1582 Sportularum

128 1589 217 1641 titulo.
233 1590 348 1639 Centenos
361 1606 475 1639 nummos.
488 1589 601 1639 Pecunia
616 1591 701 1640 nostrae
712 1592 811 1642 libellas

132 1680 178 1716 12.
197 1680 251 1713 cum
268 1679 307 1715 ro.
320 1664 425 1713 assibus.
434 1660 560 1713 Publium
573 1664 722 1732 largitionem
736 1664 812 1715 intel·

129 1738 183 1805 lige
194 1738 358 1803 promiscuam
367 1738 393 1787 ἃ
401 1752 486 1801 parem
495 1738 561 1787 iuter
570 1754 669 1787 omnes.

170 1829 197 1862 2.
206 1811 361 1877 Spernirrnrr'.
368 1810 464 1876 Lipsius
474 1811 724 1876 censetsperulororrs
733 1809 813 1863 fuisse

129 1885 198 1937 inte'r
210 1885 321 1935 custodes
335 1887 448 1950 corporis
460 1885 615 1949 imperatorii
627 1897 721 1934 certum
733 1903 813 1952 genus

128 1960 237 2009 militum
247 1995 257 2020 ,
266 1959 306 2024 qui
317 1960 386 2008 velut
400 1960 424 2008 iu
435 1957 532 2022 specula
543 1969 629 2007 es-ent
640 1957 694 2022 ejus
702 1961 814 2011 salutis:

131 2033 178 2084 sed
192 2033 216 2082 in
227 2031 285 2096 ipsis
297 2047 396 2097 quoque
409 2032 564 2098 lep'onibus,
574 2032 650 2080 immo
660 2031 686 2080 ἀ
696 2032 812 2082 cohorti-

131 2108 179 2157 bus
198 2104 358 2172 speculatores
376 2105 452 2154 fuisse
472 2103 583 2166 constat,
601 2121 705 2168 quotum
724 2123 813 2157 munus

133 2191 189 2230 erat
206 2179 236 2228 de
248 2177 441 2240 rebuslbostium
460 2178 489 2228 ad
506 2195 565 2229 suos
584 2178 680 2228 referre
698 2180 816 2247 quidquid
882 2199 886 2205 ’

127 2253 317 2322 percepissent.
508 2293 510 2298 .

170 2325 254 2377 XXV.
275 2343 299 2378 1.
314 2325 482 2376 Tessernrinm.
499 2325 661 2376 Tesseratios
671 2329 816 2388 vocabant,

127 2399 176 2466 ¹qni
195 2399 306 2451 mandata
323 2400 483 2465 perferebant
495 2400 652 2464 imperatoris
667 2415 713 2464 per
723 2412 814 2450 contu·

75 2514 78 2518 .
133 2474 220 2524 beroia
238 2489 245 2524 :
263 2491 307 2524 eos
323 2487 407 2524 autem
424 2474 538 2523 dicebant
553 2475 660 2538 optiones
671 2508 679 2534 ,
692 2475 734 2540 qui
750 2491 763 2522 n
778 2473 813 2524 dt·

134 2546 260 2613 gnioribus
276 2548 301 2597 δι
312 2565 365 2598 tum
376 2547 450 2614 groslu
459 2546 578 2596 militibus
588 2547 719 2612 adoptati,
731 2545 814 2597 vicem

135 2635 222 2670 eornm
244 2623 365 2672 subibant.

133 2721 135 2726 .
171 2693 271 2746 XXVI.
291 2694 420 2755 1.Poslero
437 2693 521 2744 lrlrrnm
532 2695 580 2742 rlie.
594 2693 722 2760 Loquendi
735 2712 813 2760 genus

134 2764 263 2818 insolitum
280 2786 292 2829 ς
317 2770 382 2820 unde
400 2768 516 2820 Erneilus
543 2768 681 2834 suspicatur
701 2767 818 2818 Tacitum

620 2839 693 2915 Qu
