2100 3650
228 297 537 370 Historiarum
552 296 638 368 Lis.
654 297 704 368 ΙΙ.
738 319 800 392 ¹5¹

120 411 214 514 qubm
229 412 318 559 t'qglbd
340 415 520 478 adseverabat
544 415 718 490 Mucianus,
739 421 803 516 sta?
856 447 861 456 ·

121 518 213 558 tuisse
258 499 395 570 milium,
408 518 439 557 ut
452 499 630 558 Germanicas
642 499 762 580 legiones
773 521 805 564 m

119 577 240 660 ¹Syrium
248 626 261 652 ,
271 583 310 638 ud
317 580 449 639 militiam
458 581 612 654 opulentam
620 581 804 659 quietamque,

121 663 307 740 transferam
322 660 417 720 toutrb
429 659 556 741 Syriacis
567 661 716 740 legionibus
733 663 806 723 Ger·

120 744 233 801 manica
255 741 389 813 hiberna,
411 745 476 802 tulo
497 766 529 801 ac
548 742 685 802 laboribus
708 747 777 804 drrra
790 788 804 816 ,

119 842 300 884 mutarentur.
329 823 443 904 Quippe
465 825 698 903 &provinciales
723 843 816 885 sueto·

119 903 249 963 militnm
268 905 452 965 contubernio
475 904 658 988 gaudebant,
678 907 803 986 plerique

120 985 423 1046 necessitudinibus&
445 987 701 1067 propinquitatibus
723 989 802 1046 rnir-

120 1066 146 1124 ti
161 1088 171 1136 3
189 1075 217 1126 δι
239 1067 398 1140 militibus,
418 1067 552 1129 veniisse
577 1066 803 1148 stipendiorum,

119 1167 193 1206 nota
214 1156 242 1207 &
260 1145 413 1208 familiaria
430 1147 518 1210 castra
537 1150 568 1210 in
583 1147 703 1210 modum
720 1171 804 1232 penu·

121 1228 196 1286 tium
212 1226 409 1290 diluebantur.

162 1279 300 1370 Lxxil.
316 1311 392 1370 Ante
415 1309 483 1370 Idus
502 1309 593 1372 Julias
609 1309 690 1394 Syria
707 1313 803 1374 omnis

119 1389 153 1448 in
175 1390 276 1450 eodem
298 1411 474 1452 sacramento
492 1390 554 1452 fuit.
570 1393 716 1454 Accessere
736 1415 802 1456 cum

118 1491 231 1554 regno,
255 1470 418 1544 Sohernus,
444 1469 521 1532 haud
544 1475 703 1561 spernendis
725 1475 800 1534 viri·

118 1551 194 1624 bus,
213 1553 395 1626 Antiochus,
420 1551 533 1614 vetustis
556 1557 657 1635 opibus
679 1557 801 1640 ingens,

120 1641 150 1693 &
170 1635 382 1696 inservientium
400 1656 499 1718 regum
522 1634 675 1696 ditissimus
699 1659 707 1693 t
731 1657 802 1697 mox

118 1734 171 1795 per
190 1715 317 1776 occultos
338 1739 451 1778 suorum
479 1719 598 1778 nuncios
628 1719 733 1777 excitus
763 1717 801 1776 ab

117 1795 190 1855 urbe
207 1799 352 1881 Agrippa,
374 1801 474 1884 ignaro
492 1795 585 1869 adhuc
595 1799 736 1869 Vitellio,
754 1818 802 1858 ce-

117 1878 173 1937 leri
196 1882 379 1963 navigatione
407 1899 601 1961 properaverat
632 1902 639 1937 :
667 1902 718 1939 nec
744 1881 801 1939 mi·
879 1954 883 1958 ,

119 1980 191 2018 nore
211 1963 309 2021 animo
330 1964 429 2046 regina
453 1962 585 2021 Berenice
608 1980 698 2042 partes
719 1966 802 2041 juva·

117 2041 190 2113 bat,
203 2044 304 2103 florens
321 2062 403 2105 acute
421 2041 592 2123 formisque,
608 2052 636 2103 δι
648 2044 707 2103 seni
726 2064 801 2125 quo-

118 2143 176 2204 que
204 2124 382 2204 Vespasiano
407 2122 622 2208 magnificentib
652 2145 800 2205 munerum

118 2224 210 2285 grata.
247 2206 399 2288 Quidquid
437 2207 645 2285 provinciarum
679 2206 801 2269 adluitur

118 2288 214 2358 mari,
229 2286 298 2347 Asia
312 2308 396 2369 atque
406 2284 517 2347 Achaia
528 2306 627 2357 tenus,
641 2308 799 2368 quantum·

117 2388 175 2447 que
197 2370 330 2429 introrsus
349 2371 380 2431 iu
398 2369 522 2440 Pontum
538 2376 566 2428 δι
583 2368 735 2431 Asmenios
753 2391 803 2450 pa-

118 2451 219 2521 tescit,
235 2454 359 2529 juravere
382 2449 454 2510 :sed
477 2452 598 2509 inermes
618 2449 706 2532 legati
723 2472 801 2533 sege·

117 2528 212 2601 bant,
232 2531 361 2591 nondum
379 2530 482 2592 additis
496 2529 800 2615 Cappadociaedegio·

116 2612 211 2671 nibus.
235 2611 399 2675 Consilium
420 2610 454 2672 de
470 2634 582 2673 summa
600 2633 691 2673 rerum
705 2614 799 2695 Beryti

117 2690 250 2752 habitum
276 2718 285 2753 ε
310 2695 386 2756 illuc.
403 2695 583 2765 Mucianus,
606 2714 671 2754 curn
697 2694 799 2777 legatis

115 2774 293 2859 tribunisque
317 2822 332 2848 ,
367 2784 394 2838 δι
425 2775 655 2918 splendidissiqqo
685 2790 799 2859 quoque

647 2876 676 2919 {V
