2100 3650
192 284 508 349 Hssrostssvn
544 285 683 346 Norat.
729 305 787 365 577
875 366 878 372 Ι

103 390 144 442 ita
166 391 241 458 plane
264 390 377 460 Regius,
394 391 533 453 lindensis,
554 391 678 444 &editio
698 393 786 459 prima.

104 465 173 516 Editi
184 466 278 514 habent
287 463 437 527 mutabilem,
448 483 478 516 ur
489 466 613 516 referatur
623 467 652 516 ad
664 471 787 528 asinium,

103 552 183 604 atque
201 539 258 589 inde
278 539 461 602 Freinshemius
481 542 620 608 reponebat
637 543 787 594 inmodicus.
882 574 903 590 ,ι

103 610 218 677 Ryckius
235 628 250 662 e
268 629 313 663 suo
329 608 416 664 codice
434 611 529 672 edidit,
544 629 570 661 ιι
585 617 617 675 est
632 630 687 663 nox
702 613 788 684 uulgus

104 685 223 736 mutabile
241 683 288 738 bu.
297 687 364 752 quod
380 685 438 736 sane
449 703 545 738 manum
556 687 705 738 torreltoris
715 689 791 754 sapit.

142 759 227 811 LXX.
248 772 274 812 t.
291 760 347 808 Cum
363 760 404 808 ala
418 760 528 812 Petrina.
543 759 614 812 Hane
633 760 711 811 Savili
729 776 788 812 tot·

106 833 247 883 restionem
257 832 359 956 liipm’
368 833 489 884 Mercero
499 836 525 886 dt
536 831 650 884 Piebenar
660 835 790 899 probatam

104 923 163 958 eum
181 905 266 958 freins
287 907 353 958 emio
368 908 504 974 sequimur.
518 907 585 960 Vide
606 907 668 959 Hit.
687 924 724 970 4,
743 923 790 970 49·

104 981 151 1030 ubi
166 981 265 1030 mentio
281 979 393 1046 ejusdem
406 983 451 1031 elae
468 981 493 1029 in
509 982 620 1046 partibus
633 980 789 1033 Vitellianis·

105 1054 219 1120 Ryckius
231 1071 245 1104 e
259 1069 306 1104 suo
316 1055 403 1106 codice
414 1055 481 1104 dedit
493 1072 542 1103 curs
555 1053 597 1103 ala
608 1052 712 1103 Taurinis
724 1071 731 1105 ε
742 1055 788 1105 ted

105 1127 160 1176 hate
178 1129 252 1192 supet
263 1129 307 1188 64.
318 1127 428 1178 dicitura
439 1129 548 1178 Valente
558 1127 670 1180 abdulba.
679 1128 789 1181 Codices

105 1197 227 1266 corrupte
236 1202 329 1250 habent
337 1204 363 1250 in
373 1201 427 1267 alpe
436 1203 521 1250 trieris
529 1203 572 1251 vel
580 1204 690 1250 trissino.

147 1289 174 1324 2.
196 1273 334 1324 Petronium
359 1275 422 1324 utils
441 1289 623 1340 procuratorem.
644 1275 710 1326 Vox
721 1273 786 1324 urbis

108 1359 244 1413 corrupta,
257 1347 327 1412 eujus
343 1350 401 1398 loco
413 1350 498 1398 mallet
514 1349 611 1413 Lipsius
622 1347 665 1398 ibi.
678 1347 729 1397 Alii
739 1351 788 1412 pu·

107 1432 163 1470 tant
182 1425 260 1471 latere
276 1423 301 1470 in
314 1437 343 1472 ea
358 1437 422 1472 vote
438 1437 577 1490 cognomen
593 1422 699 1472 bominis
715 1419 787 1471 vrtt-

106 1513 184 1557 num,
204 1505 247 1545 aut
264 1494 388 1557 Urbicum,
406 1505 449 1545 aut
466 1495 571 1544 Vibium.

147 1582 173 1632 3.
192 1567 366 1636 Subsignanum
388 1570 496 1618 militen.
515 1568 661 1635 suspicatur
680 1567 787 1620 Pithena

112 1641 269 1709 subsignanos
278 1643 368 1692 milites
376 1659 433 1692 esse
445 1643 558 1705 eosdem,
570 1660 632 1707 qnos
641 1657 708 1708 saepe
717 1643 792 1690 Taci-

110 1726 151 1764 tus
166 1713 306 1766 vexillarios
317 1717 426 1782 appellat
437 1749 443 1770 .
455 1714 515 1765 uere
528 1717 625 1779 quidem
635 1716 789 1782 legionarios

109 1790 217 1851 milites,
233 1789 277 1839 sed
293 1806 324 1841 ex
338 1789 479 1841 absentibus
492 1790 631 1858 legionibus
643 1790 789 1842 arcessitos·

110 1862 176 1917 Vide
198 1868 262 1915 Anu.
285 1880 314 1925 ι,
337 1880 380 1927 ¹7·

145 1936 238 1987 Lxxt.
260 1952 284 1989 ι.
307 1936 448 2004 &emplum
473 1936 536 1986 ultre
558 1939 693 2003 inputavit.
714 1936 794 1987 Adeo-

108 2010 204 2061 trimen
221 2022 325 2061 servate
340 2014 368 2060 in
386 2012 488 2062 Galbam
510 2010 568 2060 fidei
584 2027 636 2061 non
651 2011 748 2071 renuit,
759 2020 788 2060 ut

109 2100 164 2133 eam
176 2094 264 2133 contra
278 2084 375 2133 Othoni
388 2096 485 2156 gratam,
495 2083 587 2133 debere
603 2100 659 2135 esse
673 2085 789 2142 diceret,

109 2158 203 2225 quippe
214 2156 283 2222 cujus
298 2158 433 2207 interesset
444 2156 506 2207 fidos
517 2158 609 2207 habere
619 2157 752 2207 ministros.

152 2248 179 2281 2.
199 2228 251 2283 Nec
268 2230 347 2293 Orio,
367 2235 435 2297 qussi
451 2234 596 2298 ignosceres,
612 2234 655 2280 sed
674 2248 702 2281 ne
715 2229 789 2292 instit
828 2259 832 2269 ·

111 2320 198 2353 metum
219 2306 422 2355 reconciliationis
440 2306 568 2354 adhiberet.
584 2304 644 2356 Haec
664 2306 698 2353 est
715 2316 790 2355 vetut

111 2378 202 2436 lellio,
222 2378 292 2441 eujus
303 2378 343 2449 bic
357 2392 443 2431 semus
458 2394 514 2429 esse
530 2380 611 2446 potest
623 2395 631 2430 ι
644 2378 792 2435 Othonem,

111 2468 187 2519 quum
201 2452 302 2502 Celsum
313 2452 378 2502 inter
389 2467 448 2502 snos
460 2452 627 2513 adscisceret,
637 2452 732 2501 cavisse
742 2490 750 2512 ‚
762 2450 790 2500 dt
888 2445 891 2456 ¹

110 2543 146 2576 ne
157 2526 178 2575 is
189 2528 305 2576 crederet
314 2527 410 2576 veniam
421 2525 467 2576 sibi
478 2526 529 2575 dari
541 2537 666 2591 tamquam
672 2524 791 2587 nocenti,

114 2600 141 2650 ἃ
154 2616 186 2649 ne
197 2600 266 2661 bostis
277 2600 397 2654 Vitellius
410 2601 487 2649 Celso
498 2600 523 2649 dt
533 2599 588 2649 aliis
597 2614 680 2647 netum
691 2596 790 2647 adbibe-

113 2688 164 2729 ιιι,
183 2673 312 2739 injiceret,
332 2674 541 2725 reconciliationis
558 2690 612 2722 cnm
628 2673 750 2729 Othone,
769 2671 793 2721 si

112 2747 159 2797 illa
172 2746 234 2799 falsa
254 2757 322 2800 esset
343 2758 385 2799 aut
404 2746 458 2799 butte
478 2747 508 2799 ad
525 2759 633 2815 tempus.
651 2746 790 2804 Sedloens
