2100 3650
179 327 490 397 Hrsrortrrrtrn
507 326 591 394 ω.
608 327 678 395 ΙΙΙ.
709 330 773 413 187

97 447 266 527 quentium,
279 443 353 529 firgae
367 446 482 506 ultimus
499 465 559 505 erat
578 469 584 503 :
605 466 656 507 nec
677 466 776 527 sponte

96 528 221 587 Antonii
244 548 443 607 properatum,
464 536 492 587 &
514 526 593 599 fore,
611 548 673 609 quae
695 530 774 589 acci-

95 607 218 679 derant,
235 609 355 667 rebatur.
372 608 510 669 Hortatus
531 630 611 679 suos,
631 628 662 668 ut
678 630 777 690 magno

96 692 192 749 animo
210 707 379 763 capesserent
389 710 531 768 pugnam,
550 689 669 751 didudiis
686 693 715 751 in
734 690 776 753 la·

96 788 156 831 teta
169 771 288 841 turmis,
307 791 430 830 vacuum
443 771 540 831 medio
556 772 687 853 relinquit
700 772 774 841 iter,

97 872 157 932 quo
184 854 296 912 Varum
325 853 486 933 equitesque
516 858 575 931 ejus
608 854 739 933 reciperet
766 874 774 911 ε

97 936 181 1012 jussae
199 933 302 995 armari
326 933 451 1016 legiones
470 932 593 993 :datum
616 952 663 1012 per
690 952 774 1016 agros

93 1015 240 1097 signum,
275 1033 332 1084 ut,
361 1016 418 1096 qui
452 1017 552 1095 cuique
582 1015 741 1095 proximum
764 1058 775 1085 ,

94 1095 204 1157 omissi
225 1093 336 1175 praedi,
364 1096 463 1174 proelio
482 1114 666 1155 occurrerent.
695 1095 777 1157 Pavi-

94 1175 147 1237 dus
165 1177 280 1237 interim
299 1177 408 1247 Varus,
431 1177 516 1236 turbae
538 1197 650 1237 suorum
673 1176 776 1237 misce-

94 1275 163 1327 tur,
189 1257 338 1339 intulitque
367 1256 550 1319 formidinem
578 1280 585 1317 r
615 1258 686 1339 pulsi
710 1278 776 1319 cum

94 1340 199 1400 sauciis
224 1340 343 1421 integri,
367 1340 532 1419 suometipsi
557 1356 654 1413 metu,
677 1347 704 1400 δι
726 1360 775 1401 au·
845 1410 862 1423 p

92 1417 194 1503 gustiis
215 1420 325 1481 viarum
346 1421 590 1482 conflistabantur.

134 1500 235 1561 XVII.
255 1499 375 1560 Nullum
395 1502 424 1561 in
444 1501 492 1562 illa
510 1501 697 1581 trepidatione
710 1498 775 1563 An·

92 1583 190 1643 tonius
210 1577 361 1641 constantis
376 1580 473 1655 ducis,
496 1601 544 1642 aut
562 1582 707 1643 fortissimi
722 1586 775 1645 mi-

69 1727 73 1735 ,
92 1662 169 1734 litis,
190 1662 317 1723 officium
335 1664 459 1723 omisit:
483 1684 625 1725 occursare
648 1667 773 1744 paventi·

92 1742 145 1804 bus
156 1766 168 1816 3
188 1745 305 1803 retinere
324 1743 451 1805 cedentes
472 1767 479 1803 ε
502 1746 551 1804 ubi
574 1746 708 1819 plurimus
724 1745 771 1807 la·

75 1823 165 1899 -bot,
191 1825 265 1887 unde
287 1827 381 1907 aliqua
402 1847 483 1908 spes,
504 1828 625 1886 consilio
639 1872 650 1898 ,
665 1845 772 1900 mauu,

91 1927 164 1968 voce
186 1909 303 1992 insignis
321 1905 418 1980 hosti,
439 1909 605 1988 conspicuus
629 1909 685 1968 suis
706 1928 714 1966 t
736 1906 772 1971 td

110 1989 237 2051 ostreno
254 1989 360 2051 ardoris
382 1993 527 2070 provetius
546 1987 605 2060 est,
628 2006 658 2048 ut
680 1990 772 2052 vexil-

135 2075 196 2132 'um
225 2069 382 2155 fisgientem
406 2068 484 2132 haste
508 2071 771 2132 transverberaret:

91 2172 162 2214 mox
184 2171 296 2232 raptum
319 2152 453 2212 vexilium
479 2154 510 2213 in
528 2150 637 2212 hostem
655 2154 737 2214 vertit
760 2177 770 2214 t
838 2209 842 2214 .

91 2255 150 2315 quo
177 2235 284 2314 pudore
314 2230 389 2294 haud
413 2234 525 2313 piures,
550 2232 771 2316 quincentum

92 2318 227 2396 equites,
255 2312 384 2378 restitere.
408 2315 487 2376 iuvit
513 2316 618 2384 locus,
653 2317 770 2376 ardiore

91 2396 150 2456 illic
169 2394 234 2467 viu,
247 2405 276 2456 dr
296 2393 386 2456 fracto
398 2397 581 2458 interfluentis
596 2398 650 2455 rivi
667 2415 769 2476 ponte,

111 2479 142 2538 ui
165 2479 274 2538 incerto
300 2477 403 2549 alveo,
426 2486 454 2538 δι
475 2477 661 2558 praecipitibus
681 2477 769 2554 ripis,

89 2497 195 2642 iugum
210 2557 383 2640 impediebat
394 2581 403 2618 :
415 2572 453 2619 ‘ta
464 2559 629 2628 necessitas,
643 2577 691 2618 seu
709 2555 769 2616 for-

90 2658 181 2712 tuna,
204 2640 295 2722 lapsas
312 2644 371 2720 jani
395 2659 486 2719 partes
507 2637 633 2702 restituit.
651 2639 768 2700 Firmrti

90 2723 164 2781 inter
184 2743 234 2794 se,
252 2721 344 2784 densis
361 2721 506 2782 ordinibus
518 2767 530 2791 ,
553 2723 693 2801 excipiunt
710 2721 768 2779 Vi-

90 2804 222 2867 tellianos
243 2821 346 2864 temere
365 2799 470 2866 effusos
493 2827 501 2864 t
521 2823 606 2888 atque
626 2803 669 2866 illi
692 2823 765 2866 cou-
