2100 3650
224 319 712 392 HrsronranvttlrudV.
740 339 806 413 255

132 461 213 505 metu
241 442 351 523 abjecit.
381 442 498 525 Longus
528 438 687 500 deditorum
718 440 813 513 ordo,

80 565 82 578 ‹
134 544 227 606 septus
241 526 373 594 armatis,
389 542 438 605 per
455 523 555 582 urbern
570 525 681 583 incessit
700 546 708 581 ε
725 544 814 584 nemo

130 608 251 687 supplici
278 606 377 675 vultu,
405 604 456 665 sed
484 602 572 664 tristes
597 613 624 663 δι
650 622 760 675 truces,
784 612 813 665 δι

132 689 280 750 adversum
300 689 413 768 plausus
431 706 466 747 ac
484 685 630 752 lasciviam
654 686 813 747 insultantis

116 771 213 854 *vulgi
241 769 405 829 immobiles
428 790 436 825 z
462 788 567 848 paucos
594 788 736 847 erumpere
760 788 814 827 au-

130 872 196 923 sos,
219 852 391 928 circumjelli
408 870 527 987 pressere
544 872 551 905 ε
570 850 653 909 ceteri
674 851 704 909 in
723 847 814 909 custo-

130 933 213 993 diam
230 932 351 992 conditi
371 930 413 991 Ni
434 932 456 989 il
473 932 623 1011 quisquam
644 932 753 991 locutus
771 933 815 990 in-

131 1014 274 1097 diguum
303 1023 353 1086 δι,
381 1032 558 1093 quamquam
582 1015 653 1071 inter
674 1010 814 1085 adversa,
868 1060 879 1073 s

132 1098 210 1156 salva
232 1096 343 1154 virtutis
364 1092 452 1154 fama.
471 1094 549 1153 Dein
569 1095 603 1155 L.
618 1094 753 1153 Vitellius
772 1095 816 1155 in·

132 1175 287 1247 terficitur,
304 1197 355 1256 par-
374 1178 450 1236 vitiis
474 1174 585 1248 fratris,
606 1177 636 1235 in
657 1177 814 1256 principatu
889 1212 892 1219 ,

130 1264 191 1338 ejus
219 1258 411 1341 vigilantium
441 1278 492 1317 nec
524 1257 639 1338 perinde
676 1258 814 1337 prosperis

134 1343 246 1411 socius,
267 1337 353 1420 quim
376 1339 497 1398 adversis
516 1336 676 1399 abstralius.

78 1488 81 1494 ¹
175 1422 229 1481 ΠΙ.
243 1420 347 1479 lisdem
364 1420 463 1479 diebus
475 1420 599 1481 Lucilius
616 1420 733 1491 Bassus,
749 1438 814 1479 curri

131 1502 267 1583 expedito
287 1503 399 1582 equite,
421 1501 457 1561 ad
478 1522 542 1561 corn
564 1502 705 1562 onendarn
724 1498 815 1561 Cam-

130 1586 256 1667 paniam.
271 1585 391 1643 mittitur
413 1605 422 1639 t
443 1523 618 1645 discorlllbus
642 1584 816 1663 municipio-

131 1686 198 1726 rum
221 1667 345 1736 animis,
371 1666 462 1748 magis
483 1668 555 1725 inter
583 1684 695 1734 semet,
727 1662 814 1745 quint

131 1747 315 1809 contumaci&
333 1746 461 1806 adversus
480 1750 644 1828 principem.
668 1747 741 1804 Viso
761 1746 817 1803 mi·

130 1832 185 1892 'lite
207 1833 294 1912 quies.
320 1830 360 1890 Et
373 1831 534 1888 minoribus
553 1830 673 1888 coloniis
690 1829 817 1908 impuni-

134 1931 179 1972 tas
203 1913 336 1992 :Capua
355 1912 432 1993 legio
446 1912 540 1969 utentia
564 1909 711 1969 hiemandi
732 1905 817 1968 causis

133 1995 244 2054 locatur
254 2040 265 2064 ,
277 2003 305 2054 δι
322 1992 424 2051 domus
437 1989 562 2052 inlustres
576 1992 711 2062 adflistae3
726 2011 816 2071 quum

135 2074 233 2136 contri
260 2075 477 2134 Tarracinenses
497 2071 575 2133 nulli
597 2095 651 2153 ope
680 2079 814 2152 juvaren-

132 2175 189 2219 tur.
213 2157 311 2216 Tanto
333 2157 483 2237 procliuius
506 2153 547 2214 est
572 2157 701 2236 injuriat,
728 2152 817 2236 quim

135 2236 276 2300 beneflcio
305 2241 396 2297 victur
427 2238 568 2297 exsolvere
594 2261 603 2295 t
630 2239 696 2318 quia
726 2239 818 2319 gratia

130 2325 233 2393 oneri,
258 2320 331 2379 ultio
355 2321 385 2378 in
417 2317 520 2400 quaestu
552 2317 678 2380 habetur.
707 2319 818 2378 Solatio

131 2403 192 2464 ‘fuit
207 2408 300 2462 servus
315 2401 450 2484 Verginii
462 2401 630 2479 Capitonis,
651 2419 736 2480 quem
754 2421 820 2480 pro·

136 2485 259 2545 ditorem
282 2482 540 2541 Tarracinensium·
560 2483 705 2551 diximus,
737 2483 814 2560 pati-

133 2566 207 2625 ·bulo
226 2561 351 2634 adfixus,
367 2566 396 2622 in
409 2563 510 2622 iisdem
529 2563 660 2633 annulis,
681 2583 753 2643 quos
768 2583 819 2622 ac·

75 2667 81 2672 ·
136 2667 234 2728 ceptus
254 2669 270 2706 a
294 2645 416 2705 Vitellio
438 2643 573 2728 gestabat.
596 2645 635 2704 At
653 2643 753 2704 Romae
771 2665 818 2705 se·
871 2653 873 2657 ’

136 2748 219 2790 natus
233 2730 332 2788 cuncta
347 2727 518 2807 principibus
534 2727 617 2786 solita
638 2728 816 2808 Vespasiano

134 2813 283 2882 decernit,
312 2810 390 2873 laetua
417 2818 444 2871 δι
470 2809 530 2891 spei
556 2827 644 2872 tenus
675 2831 683 2868 ι
712 2812 818 2892 quippe
