2100 3650
197 293 518 366 micronianum.
534 293 669 364 [inl.
728 319 777 390 49

89 416 248 492 precarium
268 417 330 476 seni
352 415 515 490 inperium,
536 414 564 477 ἃ
584 417 664 479 brevi
682 435 779 480 erm·

93 498 199 556 iturum
214 499 366 572 :panderet
380 499 458 557 model
477 500 590 569 sinum,
613 495 641 560 Θ
653 501 779 561 venienti

85 579 210 658 fhnunae
230 597 386 639 occurreret.
410 579 518 640 Metiri
542 580 681 642 dubitasse
703 583 779 642 Ver·

90 661 219 740 ginium,
237 661 488 744 equestrifhmilici,
505 663 599 741 ignoto
607 681 687 736 parre
696 685 712 737 ,⁶
724 666 779 724 im-

89 765 206 818 parem,
225 766 253 802 st
271 761 414 817 recepisset
435 762 603 818 impensem,
617 762 704 804 cutum
715 792 728 817 ,
747 747 777 807 si

93 842 257 885 recusasset.
282 825 401 884 Vitellio
420 841 475 884 tres
488 826 582 898 patris
597 827 775 901 consulatus,

92 927 259 976 censuram,
276 907 417 986 coHegium
434 907 571 977 caesaris,
592 903 620 966 θ
639 907 777 983 imponere

85 988 256 1067 jampridem
274 987 447 1062 inperatoris
466 989 669 1066 dignationem,
685 985 713 1050 θ’
728 1013 777 1050 au·

84 1069 164 1147 ferre
181 1069 294 1143 privati
313 1070 494 1129 securitatem,
517 1067 706 1146 Quatiebatut
730 1069 778 1134 his

93 1170 181 1250 segne
205 1151 372 1234 ingenium,
394 1169 424 1209 ut
445 1151 653 1231 concupisceret
664 1155 776 1236 magis,

93 1253 183 1314 quam
199 1251 231 1291 ut
246 1252 374 1311 speraret.

133 1313 217 1373 LIII.
237 1314 277 1372 At
297 1316 327 1373 in
346 1315 485 1394 superiore
505 1313 684 1386 Germania,
702 1314 777 1377 Cae·

95 1396 160 1455 cina
189 1392 292 1454 decori
316 1393 431 1476 juventi
454 1441 464 1466 ‚
496 1415 613 1476 corpore
644 1397 746 1480 ingens
763 1443 777 1471 ,

94 1477 189 1536 animi
207 1475 398 1548 immodicus,
420 1477 490 1536 scito
508 1497 661 1551 sermone,
680 1484 775 1540 ereelo

94 1561 228 1629 incessu,
251 1556 342 1618 studia
368 1558 492 1618 militum
516 1560 659 1620 inlexerat
687 1561 775 1622 Hunc

44 1704 47 1709 ,
92 1647 228 1720 juvenem
254 1640 376 1712 Galba,
408 1639 573 1722 quaestorem
597 1643 627 1702 in
648 1641 775 1716 Raetica,

94 1724 218 1816 impigre
239 1723 269 1782 in
292 1742 382 1803 partes
405 1743 466 1784 suus
486 1743 710 1806 transgressum,
736 1725 778 1784 le·

95 1805 178 1887 gionr
204 1805 368 1887 praeposuit:
393 1827 461 1864 mox
480 1824 655 1887 compertum
673 1805 773 1886 publi·

94 1908 159 1947 cam
186 1889 336 1967 pecuniam
358 1890 506 1957 avertisse,
530 1906 561 1947 ut
582 1887 773 1968 peculatorem

93 1970 220 2053 flagitari
231 1970 318 2048 jussit.
334 1968 451 2030 Caecina
474 1989 547 2053 aegre
570 1989 682 2049 passus,
703 1973 774 2031 mis⁴

94 2072 156 2110 cere
187 2054 311 2123 cundia,
338 2060 367 2111 &
390 2053 498 2131 privata
523 2051 638 2111 vulnera
663 2052 772 2133 reipub.

94 2134 178 2193 malis
198 2134 305 2213 operire
324 2131 426 2192 statuit.
446 2132 509 2193 Nec
528 2132 643 2193 deerant
655 2134 684 2193 in
697 2154 774 2195 exer·

93 2218 151 2275 citu
169 2217 279 2275 semina
299 2214 465 2284 discordbe,
490 2213 570 2297 qubd
590 2224 617 2275 &
632 2215 709 2275 bello
721 2216 772 2277 ad·

92 2316 188 2357 versus
207 2296 364 2357 Vindicem
382 2299 527 2357 universus
546 2295 694 2370 adfuerat,
719 2320 773 2358 nec

90 2382 148 2441 uisi
165 2379 263 2437 occiso
278 2378 394 2438 Nerone
411 2379 559 2439 translatus
577 2380 607 2438 iu
624 2380 772 2452 Galbam,

92 2480 181 2546 atque
196 2462 227 2520 in
245 2481 280 2519 eo
299 2458 361 2541 ipso
376 2480 552 2521 sacramento
573 2461 683 2520 vexillis
696 2460 772 2520 infe-

91 2546 175 2604 rioris
197 2543 359 2604 Germania
378 2560 531 2625 proventus
549 2561 616 2601 erat.
636 2542 676 2601 Et
695 2542 771 2603 Tre-

92 2628 152 2687 veri
168 2646 204 2685 ac
224 2624 392 2707 Lingones,
413 2645 538 2706 quasque
557 2624 626 2684 alias
646 2626 772 2689 civitates

90 2706 239 2769 atrocibus
246 2706 359 2777 eliens,
379 2726 427 2765 aut
440 2706 547 2767 damno
563 2704 663 2765 finium
675 2708 771 2769 Galba

92 2790 250 2871 perculerat
274 2832 285 2858 ,
315 2784 444 2849 bibernis
476 2788 771 2933 legionumcpropiils

141 2870 222 2933 Tom.
246 2870 265 2930 Ι
268 2872 288 2931 Ι
291 2870 315 2931 Ι.
481 2884 483 2889 “
