2100 3650
245 286 805 376 fflmmwfflffin

134 401 305 486 speciosiota
326 405 505 466 suadentibus
527 408 650 468 accessit.
677 406 809 469 Premis·

134 507 180 546 sus
200 505 296 548 tamen
315 489 346 546 in
363 484 449 548 castra
462 485 547 558 Piso,
567 507 599 547 ut
616 491 726 568 juvenis
748 510 812 550 ma·

157 589 196 626 no
214 570 346 642 nomine,
366 569 471 628 ¹receuti
494 567 617 639 favore,
638 578 666 629 &
686 569 811 632 infensus

133 587 172 708 X.
196 649 309 720 Vini03
331 648 378 709 seu
398 651 464 731 quia
486 666 566 718 erat,
587 648 635 710 seu
656 653 723 734 quia
745 653 810 713 irati
872 712 875 725 ,

132 729 175 788 ita
189 731 325 790 volebant
339 755 346 788 :
361 739 388 790 δι
407 730 516 792 facilius
535 730 570 790 de
589 731 659 790 odio
679 731 808 794 creditur.

132 807 195 868 Vix
209 811 278 870 dum
291 831 402 896 egresso
414 813 533 882 Pisone,
545 814 663 871 occisum
674 815 705 872 in
714 815 810 896 castris

138 890 299 964 Othonem,
318 903 407 976 vagus
429 891 572 975 primum,
586 901 614 952 δι
628 894 748 954 incertus
761 917 809 972 eu-

133 991 218 1042 mor,
230 995 317 1045 mox,
340 977 421 1033 utin
443 976 555 1056 magnis
576 973 731 1035 mendaciis
756 977 807 1035 iu·

132 1054 431 1132 terJ‘iiissesequidam,
446 1053 473 1114 ἃ
487 1051 811 1130 vidisseadfitmabaut,

133 1134 248 1196 creduli
271 1133 369 1207 fami,
393 1137 465 1197 inter
488 1135 662 1219 gaudentes,
676 1145 704 1197 &
721 1139 808 1198 incu-

132 1213 234 1278 riosos.
248 1218 336 1278 Multi
349 1216 573 1286 arbitrabantur,
596 1220 808 1296 compositum,

133 1299 306 1380 austumque
328 1319 494 1370 rumorem,
512 1299 607 1356 mixtis
629 1302 689 1376 jam
711 1297 811 1359 Otho-

131 1379 248 1450 nianis,
270 1381 320 1460 qui
338 1380 375 1440 ad
394 1377 571 1440 evocandum
584 1379 731 1452 Galbam,
746 1381 810 1442 lxta

133 1458 210 1519 falsi)
232 1483 250 1520 v
301 1464 416 1522 averinr.

174 1541 263 1601 XXX
297 1587 304 1602 .
332 1541 410 1602 Tum
435 1539 502 1602 verb
522 1563 581 1602 non
601 1542 719 1622 populus
738 1561 807 1603 tan-

134 1641 216 1694 tum,
230 1633 257 1686 &
270 1626 398 1704 imperita
416 1623 493 1702 plebs
513 1625 544 1682 in
562 1624 692 1702 plausus,
710 1631 738 1682 ει
751 1626 810 1683 im·

134 1705 251 1770 modica
270 1703 383 1776 studia,
405 1704 453 1764 sed
475 1705 602 1786 equitum
626 1705 750 1785 plerique
774 1725 809 1764 ac

134 1806 318 1858 senatorum,
335 1787 427 1868 posito
447 1805 523 1846 metu
537 1786 669 1856 incauti,
685 1784 811 1846 refraiiis

133 1870 235 1949 palatii
254 1868 381 1939 foribus,
402 1888 479 1931 tuete
500 1869 594 1936 intus,
616 1887 650 1926 ac
663 1886 692 1925 se
707 1866 816 1927 Galbae'

135 1948 296 2020 ostentare,
315 1966 475 2026 praereptam
499 1948 557 2007 sibi
582 1948 712 2006 ultionem
732 1968 808 2029 que·

134 2052 236 2094 tentes.
263 2032 463 2113 ignavissimus
483 2030 622 2111 quisque,
642 2037 693 2100 &‚
714 2048 746 2088 ut
766 2050 811 2092 ree

135 2112 254 2185 docuit,
286 2115 316 2173 in
339 2112 462 2192 periculo
482 2132 543 2170 non
566 2130 702 2180 ausurus,
724 2113 811 2172 nimii

134 2196 248 2267 verbis,
265 2194 305 2253 lin
394 2192 499 2251 feroces
520 2215 528 2249 :
548 2211 638 2249 nemo
661 2192 753 2263 scire,
779 2202 812 2253 δε

135 2296 236 2338 omnes
257 2214 429 2343 adfiffiuuzuru
455 2272 545 2333 donec
566 2270 664 2351 inopi'a
683 2274 762 2343 veti,
781 2282 811 2332 δε

133 2377 275 2431 censensu
299 2358 450 2417 errantium
476 2355 588 2422 vibius,
610 2369 723 2433 sumpto
744 2351 811 2413 tho·

134 2457 199 2497 tace
217 2437 336 2509 Galba,
355 2436 474 2497 inruenti
492 2434 809 2514 turbae‚nequeaetate‚

133 2540 228 2601 neque
262 2538 376 2600 corpote
410 2514 503 2577 sistens
525 2560 535 2586 ,
569 2512 638 2573 seui
664 2514 811 2577 levaremr.

132 2601 249 2661 Obvius
269 2602 299 2659 in
317 2600 422 2681 palatio
437 2597 525 2657 Julius
536 2594 668 2666 Atticus,
688 2598 812 2677 specula-

133 2702 202 2754 tor,
220 2692 366 2743 cruentum
391 2678 516 2761 gladium
547 2673 712 2747 ostentans,
732 2682 808 2737 occi-

132 2788 196 2827 sum
216 2784 234 2828 a
254 2788 285 2826 se
308 2760 444 2823 Othonem
454 2758 623 2819 exclamavit
626 2838 648 2897 B
658 2766 685 2831 ὃς
697 2758 809 2830 Galba,

669 2859 688 2900 v
