2100 3650
171 295 173 298 ’
251 291 274 360 '8
368 293 404 360 C.
435 291 800 376 CoanAcrrr

254 431 333 492 pares
349 413 446 470 exitus.
463 411 563 470 Praeter
579 409 747 488 multiplices
765 429 856 469 retum
870 403 931 468 bu-

254 513 403 552 manarum
425 513 518 560 casus,
543 491 616 549 coelo
636 490 760 570 terrique
780 490 930 572 prodigia,

254 582 282 633 &
302 572 455 631 fulminum
475 573 617 641 monitus,
640 580 667 630 &
681 571 839 642 futurorum
859 592 931 648 prae·

254 657 353 736 segia,
369 655 452 724 laeta,
473 651 559 711 tristia
567 699 580 728 ‚¹
589 653 750 735 ambigua,
770 650 928 712 manifesta.

181 752 183 756 ’
254 735 317 793 Nec
348 736 422 792 enim
453 755 591 814 umquam
623 733 805 792 atrocioribus
832 733 931 811 populi

253 814 381 876 Romani
403 814 546 892 cladibus,
560 810 697 897 ‘magisve
720 812 797 894 justis
818 812 934 872 indiciis-

252 895 440 976 approbatum
465 893 527 964 est,
553 917 611 954 non
632 916 688 954 esse
709 916 778 954 curae
801 892 860 953 deis
885 914 930 954 se·

252 979 399 1036 curitatem
413 974 551 1047 nostram,
567 997 623 1035 esse
637 977 784 1035 ultionem.

294 1058 360 1118 IV.
402 1055 570 1127 Cetertim,
601 1077 753 1137 antequam
792 1054 931 1118 destinata

253 1160 429 1220 componam
443 1186 455 1210 ,
475 1137 655 1218 repetendum
675 1139 792 1206 videtur,
802 1181 818 1208 5
838 1139 935 1218 qualis-

253 1218 339 1280 status
357 1221 453 1290 urbis,
474 1241 536 1301 quae
554 1240 635 1278 mens
656 1222 847 1288 exercituum,
867 1221 937 1299 quis

253 1299 368 1361 habitus
386 1303 610 1381 provinciarum,
630 1300 699 1380 quid
717 1303 747 1360 in
766 1320 828 1360 toto
845 1318 934 1361 terta-

247 1395 318 1442 'tum
339 1383 407 1442 orbe
429 1381 577 1451 validum,
599 1383 668 1462 quid
690 1403 794 1464 aegrum
816 1380 901 1440 fuerit
924 1404 935 1440 r

257 1482 287 1523 ut
319 1485 377 1524 non
393 1461 496 1532 -modb
524 1484 601 1521 casus
625 1482 793 1544 eventusque
817 1483 909 1534 rerum
921 1508 936 1534 ,.

255 1545 307 1626 qui
342 1544 504 1625 plerumque
516 1577 519 1585 =
531 1543 641 1603 fortuiti
666 1563 750 1614 sunt,
781 1541 843 1603 sed'
857 1547 936 1603 ratio

215 1628 218 1632 ’
256 1627 343 1685 etiam
367 1647 509 1706 cansaeque
533 1645 689 1704 noscantur.
714 1626 790 1684 Finis
808 1624 938 1684 Neronis-

256 1708 390 1777 mlestus,
401 1709 491 1788 primo
504 1706 687 1790 gaudentium
697 1708 819 1786 impetu,
830 1704 937 1778 fuerat,

255 1789 297 1849 ita
317 1790 409 1849 varios
438 1808 532 1849 motus
552 1790 733 1860 animorum,
761 1809 820 1846 non
843 1783 940 1848 modit-

256 1870 288 1930 in
310 1871 397 1942 urbe,
420 1872 494 1951 apud
512 1889 619 1951 patres,
640 1889 688 1931 aut
706 1869 865 1950 populum,
885 1890 936 1929 aut

257 1952 396 2014 urbanum
425 1954 571 2022 militem,
598 1952 646 2010 sed
676 1972 775 2010 omnes
806 1951 939 2031 legiones-

251 2031 416 2113 ducesque,
448 2036 635 2104 conciverat,
661 2034 793 2115 evulgato
822 2034 939 2110 imperii

257 2135 380 2182 arcano,
391 2134 471 2193 posse
482 2116 635 2193 principem
643 2114 729 2183 alibi,
738 2111 823 2194 quim
833 2112 936 2172 Romae

259 2192 328 2254 freti.
358 2193 413 2254 Sed
445 2214 533 2271 putres
564 2196 646 2266 lacti,
678 2192 806 2274 usurpati
839 2192 938 2253 statim

258 2276 408 2344 libertate,
438 2273 589 2345 licentum,
616 2293 647 2334 ut
677 2296 743 2357 erga
779 2275 936 2353 principem

221 2367 225 2373 “
260 2378 368 2419 novum
389 2364 416 2415 &
440 2358 584 2417 absentem
611 2379 618 2412 ι
645 2358 779 2435 primores
807 2358 939 2435 equitum

196 2476 200 2488 ·
259 2438 385 2519 proximi*
401 2437 506 2519 gaudio
525 2456 634 2517 patrum
657 2460 663 2492 :
687 2459 749 2518 pars
773 2438 872 2517 populi
895 2440 938 2496 in·
1021 2481 1022 2516 p

260 2536 356 2601 tegra,
373 2526 399 2577 δι
417 2520 528 2601 magnis
547 2517 678 2577 domibus
698 2538 825 2586 annexa,
846 2517 939 2577 clien-
1021 2519 1022 2586 ᾗ

261 2617 303 2659 tes
332 2599 479 2679 libertique
505 2599 704 2658 damnatorum
730 2609 757 2659 &
786 2598 939 2669 exsulum,

261 2680 292 2741 iu
316 2700 393 2819 spem
415 2682 497 2739 eretli
518 2704 524 2737 ι
548 2681 626 2760 plebs
649 2680 785 2750 sordida,
807 2688 835 2739 δι
860 2681 940 2738 circo
1021 2713 1022 2730 2

260 2782 295 2823 ac
315 2782 326 2823 r
348 2761 428 2823 carris
449 2780 524 2824 sueta
534 2806 545 2835 ,
570 2762 655 2823 simul
674 2761 815 2823 deterrimi
835 2780 937 2823 servo-
