2100 3650
259 307 369 373 olbiam
380 310 493 388 profelli
512 329 610 368 manus
631 332 691 369 cum
709 311 750 368 iis
770 329 931 376 conserunt!

254 397 383 470 proelium
407 410 487 450 atrox
507 389 534 450 δ’
556 413 652 465 anceps
673 393 770 450 oritur.
799 395 932 454 Antonius

258 476 358 554 egregii
376 475 452 534 ducis
468 473 563 532 munia
581 475 699 546 implet:
717 477 830 534 tandem
854 477 932 536 Vitel-

252 558 329 615 liani
341 556 511 628 pelluntur:
529 557 561 612 ed
570 555 663 632 pugnd
679 571 764 627 pater
781 579 800 612 a
812 559 932 634 filiosuo

257 637 422 714 inteffetlus.
449 635 482 695 V
478 635 724 696 illaresFIauiani
738 639 826 716 eastra
846 639 932 698 Vitel-

255 712 399 776 lianorum'
413 720 452 776 ad
468 719 625 776 Cremonam
644 736 831 794 oppugnant:
855 722 933 797 iisque

257 822 355 880 magno
377 798 468 858 labore
494 801 606 872 captis,
628 799 717 871 ipsam
739 799 826 857 etiarn
851 802 933 860 urbem

256 881 468 960 aggrediuntur,
497 888 576 956 atoue
600 879 658 954 illa
682 879 799 938 deditur.
832 885 935 941 Canna

196 1025 206 1033 ,
249 964 339 1043 fastus
373 959 400 1022 fs
426 962 500 1035 apud
525 982 617 1020 omncs
638 961 739 1019 odium.
767 963 898 1021 Cremona
917 987 934 1022 a
1023 965 1024 976 ¹

257 1043 394 1102 militibus
419 1042 570 1102 Flavianis
593 1043 741 1116 diripitur,
772 1062 855 1119 atque
878 1046 934 1123 igne

257 1142 441 1184 concrematur
448 1145 462 1195 ,·
486 1145 542 1200 qua
568 1141 659 1182 tamen
682 1123 774 1202 postea
804 1127 938 1204 restitutas

256 1207 400 1266 Antonius
416 1205 534 1265 viliarid
549 1206 645 1264 utitur.
668 1205 804 1263 Vitellius
817 1209 849 1264 dc
867 1229 935 1266 more

257 1307 346 1363 torpet
362 1287 523 1346 :Catinam
540 1289 706 1344 condemnat.
722 1283 825 1364 Reguli
841 1309 936 1346 consu·

257 1371 333 1428 latus
351 1369 432 1425 unius
448 1369 512 1426 diei.
533 1367 615 1426 Mors
634 1367 746 1437 Blasi;
760 1389 818 1442 quet
834 1369 936 1428 artibus

257 1451 291 1508 L
323 1449 435 1509 Vitellii
454 1467 609 1523 praparata
636 1473 645 1507 :
666 1469 752 1506 mores
778 1445 937 1528 &elogium

258 1526 377 1592 i‘usdem
399 1530 504 1590 Blasi.'
521 1530 606 1588 Fabii
631 1529 762 1590 Valentis
779 1531 936 1604 expeditio,

259 1557 287 1674 b
308 1637 325 1671 a
342 1611 478 1688 militibus
490 1613 556 1671 -suis
577 1613 677 1670 deserti
695 1611 846 1670 consilium
866 1616 936 1690 :qui

257 1696 352 1755 omnia
375 1711 520 1768 expertus,
544 1695 644 1752 curedis
669 1695 707 1750 ud
731 1691 937 1766 Vespasianum

257 1774 442 1857 deficientibus
471 1777 590 1834 desertus
615 1775 729 1848 capitur.
754 1773 880 1838 Interim
906 1777 936 1835 in

176 1867 178 1870 ’
258 1859 411 1918 Britannia
428 1879 488 1915 cum
510 1856 634 1917 Venusia
646 1856 729 1915 oarid
742 1874 818 1914 sorte
829 1880 937 1936 pugna·

258 1944 311 2000 tur.
330 1940 407 1998 Daci
417 1962 435 1997 a
448 1937 582 1997 Muciano
595 1938 783 2011 reprimuntur.
801 1937 936 1999 Anicetus

257 2022 416 2081 Polemonis
432 2020 565 2090 libertus,
586 2018 706 2079 Pontum
722 2018 875 2099 infestans,
891 2044 936 2079 ca-

252 2105 339 2178 pitu'r.
360 2100 548 2175 Vespasianus
558 2099 760 2159 Alexandriam
772 2102 861 2159 uenit.
877 2100 937 2160 An·

257 2185 351 2242 tonius
364 2182 476 2241 Primus
486 2183 636 2241 insolenter
645 2204 675 2239 sc
687 2179 760 2258 gerit
774 2183 938 2254 :copiarum

257 2266 315 2346 'ejus
333 2263 498 2323 enumeratio
514 2270 524 2320 ἑ
540 2286 574 2322 ex
592 2262 687 2341 quibus
702 2262 783 2319 miles
794 2266 937 2341 gregarius

258 2347 292 2405 ob
302 2348 418 2405 occisum
423 2344 542 2428 fratrem
550 2342 689 2419 preamium
696 2342 777 2417 petit.
791 2342 937 2404 Antonius

259 2430 373 2502 Primus
399 2424 530 2485 Muciani
550 2426 720 2485 emulatione
738 2446 768 2482 se
788 2426 903 2507 definiit
925 2450 934 2485 t

260 2508 369 2582 superbi
385 2510 423 2567 ad
447 2507 646 2580 Vespasianum
668 2504 774 2564 scribit.
799 2506 934 2567 Vitellius

253 2590 339 2671 flulti
358 2588 577 2648 dissimulatione
596 2586 698 2645 cladem
718 2588 757 2645 ad
776 2588 934 2647 Cremonam

257 2687 391 2744 acceptam
406 2672 516 2745 premit.
537 2668 741 2750 Agrellt'sfides
764 2662 792 2727 ὃ*
813 2672 934 2753 constan·
