2100 3650
201 296 513 363 HrsronrAaum
528 292 613 361 Lm.
633 293 704 361 ΙΙΙ.
738 294 800 360 181

119 404 274 475 offendere
297 414 505 493 Vespasianum
528 413 659 481 timens,
683 412 807 493 ipsorum

121 497 216 555 duces
241 496 446 573 contemptim,
467 513 616 575 tamquam
642 495 809 555 insultantes

121 578 272 646 Vitellio,
294 578 473 655 scripsissent.
608 578 610 585 '
790 572 793 580 '

169 658 208 717 X.
230 658 362 717 Adventu
378 656 481 715 deinde
502 653 619 715 duarum
638 654 783 739 legionum
795 703 809 729 ,

125 760 144 799 e
162 739 267 820 quibus
279 740 392 797 tertiam
407 738 512 797 Dillius
525 738 710 819 Aponianus,
724 742 807 799 octa-

124 842 198 880 vam
220 820 368 879 Numisius
387 820 481 897 Lupus
498 818 656 889 ducebant,
670 816 808 881 ostentare

123 903 226 972 vites,
248 910 277 961 &
296 902 411 959 militari
431 900 507 959 vallo
520 899 666 959 Veronam
687 903 808 961 circum-

126 982 197 1041 dare
232 983 344 1062 placuit.
370 981 453 1040 Forte
481 980 630 1041 Galbiana
648 980 755 1063 legioni
777 984 807 1045 in

126 1064 247 1123 adversa
266 1062 357 1121 fronte
376 1062 445 1121 valli
460 1083 531 1141 opus
552 1080 688 1133 cesserat,
709 1072 735 1123 δι
753 1064 808 1125 vis'i

127 1145 229 1225 procul
252 1145 394 1203 sociorum
417 1146 551 1225 equites,
574 1164 678 1202 vanarn
706 1143 808 1207 formi-

117 1226 251 1294 dinem,
277 1244 308 1283 uc
326 1223 436 1294 hostes,
460 1223 559 1283 fetere.
584 1224 741 1303 Rapiuntnr
762 1248 809 1287 ar-

72 1354 75 1359 .
128 1328 201 1377 ma,
221 1315 248 1366 &
271 1324 303 1364 ut
328 1306 494 1385 proditionis
515 1307 555 1363 ira
578 1306 700 1365 militum
719 1308 748 1366 in
767 1306 807 1369 T.

128 1390 269 1467 Ampium
292 1388 457 1445 flavianum
477 1386 626 1457 incubuit,
654 1387 732 1447 nullo
753 1390 810 1449 cri-

43 1510 48 1514 ·
128 1471 217 1528 minis
239 1488 423 1549 argumento,
445 1468 493 1526 sed
517 1473 576 1548 jam
602 1468 713 1547 pridem
727 1472 806 1531 iniri-

129 1570 196 1631 sus,
216 1549 326 1608 turbine
339 1548 465 1630 quodam
477 1549 513 1609 ad
530 1550 645 1609 exitium
664 1552 804 1630 posceba-

129 1648 175 1691 tur
188 1632 384 1707 :propinquum
399 1630 531 1701 Vitellii,
540 1633 705 1705 proditorem
718 1632 808 1693 Otho·

130 1714 201 1782 nis‚
233 1715 434 1785 interceptorem
459 1714 589 1773 donativi
612 1714 807 1775 clamitabant.

129 1793 195 1857 Nec
215 1791 374 1853 defensioni
390 1794 488 1866 locus,
508 1814 684 1875 quamquam
701 1794 809 1876 suppli-

130 1896 176 1936 ces
211 1896 310 1935 manus
343 1876 503 1946 tenderet,
533 1874 613 1934 humi
643 1877 806 1958 plerumque

129 1956 228 2016 stratus
251 2002 260 2027 ,
293 1956 384 2016 laceri
411 1955 508 2027 veste,
533 1959 626 2036 peetus
651 1977 735 2040 atque
756 1981 807 2022 ora

130 2036 256 2120 singultu
269 2041 396 2118 quatiens
414 2061 424 2095 t
439 2038 575 2117 idipsum
592 2039 666 2118 apud
682 2039 806 2103 infensos

128 2123 345 2196 incitamentum
371 2139 451 2190 erat,
468 2138 616 2200 tamquam
631 2123 734 2182 nimius
749 2143 804 2202 pa-

128 2221 184 2260 ror
216 2203 416 2260 conscientiam
437 2221 571 2283 argueret.
593 2201 808 2264 Obtutbabatur

129 2284 258 2342 militum
271 2340 275 2347 Δ
287 2282 405 2341 vocibus
429 2284 582 2362 Aponius,
613 2303 700 2364 quum
725 2286 805 2366 loqui

129 2383 286 2442 coeptaret:
306 2362 419 2422 fremitu
439 2372 465 2422 δι
485 2365 607 2422 clamore
626 2383 730 2424 ceteros
748 2365 802 2424 ad-

130 2463 297 2524 spernantur
311 2468 320 2501 z
336 2447 388 2504 uni
408 2445 536 2503 Antonio
560 2465 659 2523 apertae
680 2447 806 2507 militum

129 2546 210 2585 aures
227 2544 372 2606 :namque
395 2534 423 2584 dt
446 2525 579 2584 facundia
601 2526 716 2596 aderat,
734 2530 806 2588 mul-

130 2606 271 2686 cendique
284 2607 401 2688 vulgum
416 2625 507 2677 artes,
524 2615 551 2666 &
565 2609 723 2667 audloriras.
742 2609 807 2670 Ubi

123 2687 287 2746 crudescere
308 2687 429 2758 seditio,
451 2696 513 2748 &a
536 2689 668 2748 conviciis
689 2698 716 2750 δι
739 2711 804 2769 pro-

130 2768 202 2839 bris,
223 2768 260 2830 ad
280 2769 336 2831 tela
355 2777 383 2828 &
398 2789 500 2830 manus
518 2771 696 2844 transibant,
721 2772 817 2855 injici
