2100 3650
276 254 344 337 184
400 250 438 319 C.
466 217 850 318 ConusTAcrrr

271 372 375 452 praebet
397 393 403 427 :
426 370 520 429 classis
543 369 711 431 Cornelium
734 368 855 427 Fuscum
877 388 940 448 prce·

272 452 378 545 fecium
409 452 463 511 sibi
490 448 636 521 destinat,
664 450 714 530 qui
745 450 862 588 prugeri
878 450 939 543 'aal-

210 594 215 603 ,
272 551 401 593 cucurrit.
418 533 517 591 Bassus
535 530 673 590 honorati
684 528 793 589 custodi
821 576 831 601 ,
851 531 943 589 Lrbur⁴

272 616 344 673 nicis
359 614 476 673 navibus
496 612 636 671 Hadriam
653 614 795 691 pervestus
809 640 821 680 ‚·
845 634 862 670 a
880 632 945 690 prae-

273 694 349 753 festo
367 696 416 753 alae
432 696 554 753 Mennio
571 692 699 763 Rufino,
716 690 879 773 praesidium
892 692 945 750 illic

271 777 398 857 agitante
415 811 434 847 ‚·
454 777 583 835 vincitur.
614 774 669 834 Sed
696 773 824 832 exsoluta
856 772 947 831 statim

272 857 410 927 vincula,
438 859 592 915 interventu
619 855 743 925 Hormi,
767 854 894 915 Caesaris
915 854 949 913 li·

273 936 345 995 berti
364 961 370 994 :
389 940 412 996 is
431 958 543 1017 quoquc
565 938 635 995 inter
652 936 735 995 duces
751 932 923 995 habebatur.

312 1018 395 1078 XIII.
418 1020 458 1078 At
481 1018 597 1078 Caecina
622 1060 632 1088 ,
663 1016 824 1075 defeccione
856 1017 949 1075 classis

272 1098 409 1183 vulgatis,
432 1101 565 1179 primores
586 1102 803 1168 centurionum,
827 1106 856 1157 δι
878 1119 949 1177 pau·
1029 1126 1030 1153 i

274 1202 322 1239 cos
346 1182 490 1251 miiitum,
511 1182 607 1239 ceteris
629 1198 676 1260 per
698 1179 808 1237 militiae
832 1200 951 1239 munera
1029 1186 1030 1241 i

272 1261 423 1341 dispersu,
447 1280 550 1319 secreta
573 1260 723 1321 castrorum
739 1257 901 1331 affecians,
922 1262 950 1320 in
1029 1330 1030 1333 Ἴ

272 1344 409 1423 principia
426 1362 518 1402 vocat.
540 1342 585 1401 Ibi
610 1343 779 1419 Vespasiani
799 1343 950 1411 virtutem,

272 1425 396 1500 viresque
404 1425 527 1497 partium
542 1424 650 1483 extollit
666 1448 672 1481 ε
689 1423 875 1501 transfugisse
884 1424 952 1481 clas-
1029 1476 1030 1483 ,

272 1527 329 1562 scm
335 1528 348 1576 ‚·
358 1505 388 1562 in
398 1512 471 1563 arelo
479 1524 656 1565 commeatum
665 1528 675 1561 .·
686 1508 820 1563 aduersas
835 1504 950 1562 Gallias
1029 1512 1030 1533 ¹

255 1584 478 1662 'Hispaniasque
498 1610 507 1644 .·
528 1586 602 1645 nihil
614 1584 643 1643 in
662 1586 724 1643 urbe
736 1586 850 1663 fidum:
867 1603 952 1665 atque
1029 1642 1030 1645 ,

273 1669 371 1726 omnia
396 1668 431 1725 de
455 1667 575 1726 Vitellio
592 1669 621 1725 in
639 1666 766 1725 deterius.
785 1666 862 1724 Mox
882 1668 951 1724 inci-

273 1749 436 1830 pientibus,
459 1750 508 1830 qui
538 1750 643 1808 conscii
673 1746 818 1815 aderant,
844 1765 953 1806 ceteros

272 1850 302 1889 re
333 1830 407 1891 nova
438 1833 594 1900 attonitos,
621 1833 650 1888 in
672 1830 758 1889 verba
778 1830 954 1908 Vespasiani

273 1911 365 1993 adigit
389 1913 499 1970 :simul
517 1911 630 1970 Vitellii
651 1912 790 1994 imagines
812 1910 952 1989 dereptae,

274 1999 302 2050 &
325 1994 403 2052 missi
420 1995 469 2073 qui
488 1989 617 2052 Antonio
636 1995 808 2051 nunciarent.
827 1991 885 2050 Sed
903 1992 954 2050 ubi

274 2073 341 2133 totis
363 2073 456 2132 castris
480 2073 610 2133 insama
635 2072 780 2153 proditio,
807 2093 953 2132 recurrens

275 2154 305 2210 in
328 2155 463 2234 principia
488 2156 589 2226 miles,
604 2156 803 2234 'praescriptunr
830 2155 949 2232 Vespa-

209 2255 213 2264 ·
275 2235 349 2294 siani
375 2257 505 2307 nornen,
534 2239 670 2316 projecias
704 2233 816 2294 Viteuii'
843 2235 952 2317 effigies

275 2315 402 2396 adspexit
419 2339 428 2388 3
452 2317 560 2376 vastum
585 2315 676 2396 primi)
696 2317 859 2388 silentium,
882 2338 952 2375 rnox

275 2403 376 2460 cunstat
407 2399 489 2478 simul
522 2418 670 2478 erumpunt
698 2423 705 2456 ι
731 2399 795 2457 Huc
820 2400 952 2458 cecidisse

280 2479 439 2540 Germanici
455 2481 588 2539 exerciciis
602 2481 719 2558 gloriam
728 2525 739 2550 ‚
757 2497 787 2536 ut
805 2479 867 2537 sine
877 2502 950 2552 μνω-

278 2562 338 2632 lio,
355 2563 416 2620 sine
435 2564 563 2632 vulnere,
580 2564 687 2621 vinIias
702 2583 797 2619 manus
806 2604 818 2628 ,
830 2557 859 2619 ἃ
870 2580 953 2634 capta

277 2646 412 2701 traderent
424 2647 525 2700 arma?
550 2643 629 2720 Quas
644 2645 715 2702 enim
732 2665 766 2700 ex
783 2642 897 2702 diverso
911 2644 954 2700 lc-

273 2724 398 2805 giones?
417 2745 509 2798 nempe
531 2726 620 2787 virias
643 2748 653 2784 .·
674 2721 701 2786 ἃ
723 2722 816 2784 abesse
839 2724 953 2786 unicum
