2100 3650
232 287 687 358 Hirromanumlrrd.
751 309 790 378 3¹

124 407 303 470 Germanicos
317 405 420 466 milites
434 430 448 466 e
461 405 612 466 Libertatis
626 406 700 466 atrio
712 427 797 468 arcte·

118 508 218 550 serent.
244 489 367 571 Legioni
391 487 508 548 classice
531 486 727 559 diffidebarur,
745 489 795 548 in-

119 566 197 630 festa
224 571 263 630 ob
295 567 400 628 caedem
438 570 691 640 commilitonum,
744 587 798 630 ooo

119 653 215 795 ptimo
234 649 328 710 statim
347 651 464 710 introitu
487 649 672 710 trucidaverat
689 589 798 712 Gilva.

120 729 799 886 riibisllaissipifflffli]

120 891 275 974 Pompeius
300 891 364 952 Lon
387 895 466 963 inus,
486 894 510 952 si
527 894 665 974 incipiens
683 891 775 954 adbuc
785 937 798 965 ,

121 983 151 1036 &
168 975 289 1035 necdum
306 973 342 1033 ad
373 992 401 1033 ta
420 972 538 1045 seditio,
552 974 716 1035 melioribus
730 995 801 1035 con·

123 1055 193 1116 siliis
215 1057 377 1115 flelierttur.
402 1053 597 1115 Tribunorurn
616 1055 750 1116 Subrium
770 1063 801 1116 lt

124 1135 255 1197 Cetrium
272 1136 376 1194 milites
398 1137 490 1196 adorti
510 1138 615 1206 minis,
634 1137 801 1220 Longinum

123 1217 257 1278 manibus
285 1235 434 1289 coercent,
459 1237 684 1298 exarmantque3
707 1220 799 1300 quia,

124 1321 184 1358 non
205 1299 303 1358 ordine
321 1297 446 1369 militiae,
468 1296 516 1358 sed
535 1319 551 1356 e
570 1299 673 1358 Galba
685 1300 800 1370 amicis,

125 1378 198 1440 fidus
221 1381 339 1459 principi
362 1375 437 1449 suo,
458 1389 485 1440 sc
508 1377 725 1439 desciscentibus
745 1376 803 1440 sus·

126 1461 233 1540 prebor
244 1479 310 1522 erat.
326 1460 417 1541 Legio
429 1461 559 1530 classica,
571 1457 642 1519 nihil
652 1464 801 1533 euastata,

126 1539 501 1704 liiiifliliniiliiffi
531 1539 803 1701 lil‘iis‘li‘

128 1701 301 1763 Germanica
316 1703 416 1762 vexilla
435 1702 484 1762 diu
496 1721 650 1772 notavere,
671 1701 805 1763 invalidis

127 1781 222 1843 adbuc
252 1785 445 1864 corporibus,
474 1791 501 1843 δι
529 1783 646 1863 placatis
672 1785 803 1855 animis,

128 1863 210 1947 qubd
222 1885 271 1923 eos
290 1886 307 1924 a
322 1865 436 1924 Nerone
454 1863 657 1923 Alexandriam
675 1865 803 1943 praemis-

128 1966 191 2017 sos,
215 1964 300 2027 atque
318 1946 384 2005 iude
402 1942 493 2003 rursus
512 1942 601 2025 longi
619 1946 804 2024 navigatione

127 2047 240 2111 aegros,
255 2028 423 2107 impensiore
444 2022 509 2086 curi
532 2024 629 2085 Galba
649 2023 806 2088 refovebat.

167 2106 297 2168 XXXII.
321 2104 461 2169 Universa
482 2110 543 2184 jam
566 2104 645 2187 plebs
686 2106 806 2167 alatium

127 2188 287 2271 implebat,
306 2190 400 2249 mixtis
419 2184 556 2259 servitiis,
577 2196 605 2246 δι
618 2186 646 2245 d‘
670 2208 729 2247 ono
740 2188 806 2247 cla·

129 2288 226 2340 more,
239 2272 334 2329 cadem
354 2268 476 2329 Othonis
491 2266 518 2327 θ
531 2269 730 2348 conjurarentm
742 2270 806 2328 etei·

129 2352 199 2410 tium
212 2346 410 2429 poscentium,
433 2368 463 2408 ut
484 2350 507 2408 si
525 2351 556 2407 iu
569 2350 660 2419 circo,
673 2370 707 2409 ac
719 2346 806 2409 chea-

129 2450 175 2491 tro
189 2478 200 2503 ,
220 2430 357 2491 ludicrum
371 2428 488 2511 aliquod
501 2427 671 2509 postularent
688 2451 696 2487 r
715 2450 808 2510 neque

128 2512 186 2572 iliis
205 2510 362 2591 judicium,
385 2531 433 2573 aut
451 2511 552 2571 veritae
566 2511 689 2591 :quippe
704 2510 808 2571 eodem

130 2593 177 2653 die
204 2590 313 2652 diversa
336 2595 397 2673 pari
419 2593 572 2651 certamine
598 2588 773 2671 postulaturis
797 2613 807 2651 t

131 2672 181 2735 sed
198 2672 303 2733 tradito
323 2694 420 2745 more,
434 2692 640 2754 quemcumque
653 2673 808 2754 principem

130 2754 282 2827 adulandi,
295 2753 410 2815 licentii
416 2756 651 2894 acclamationulpn
659 2798 671 2845 3
680 2750 810 2814 &studes

659 2854 688 2896 w
