<?xml version="1.0" encoding="UTF-8"?>
<!DOCTYPE html PUBLIC "-//W3C//DTD XHTML 1.0 Transitional//EN"
    "http://www.w3.org/TR/xhtml1/DTD/xhtml1-transitional.dtd">
<html xmlns="http://www.w3.org/1999/xhtml" xml:lang="en" lang="en">
 <head>
  <title>
</title>
<meta http-equiv="Content-Type" content="text/html;charset=utf-8" />
  <meta name='ocr-system' content='tesseract 3.04.00' />
  <meta name='ocr-capabilities' content='ocr_page ocr_carea ocr_par ocr_line ocrx_word'/>
</head>
<body>
  <div class='ocr_page' id='page_1' title='image "./ccorneliitaciti00lallgoog_0112.png"; bbox 0 0 2100 3650; ppageno 0'>
   <div class='ocr_carea' id='block_1_1' title="bbox 266 330 821 399">
    <p class='ocr_par' dir='ltr' id='par_1_1' title="bbox 266 330 821 399">
     <span class='ocr_line' id='line_1_1' title="bbox 266 330 821 399; baseline 0.002 -2"><span class='ocrx_word' id='word_1_1' title='bbox 266 351 332 397; x_wconf 90' lang='lat'>102</span> <span class='ocrx_word' id='word_1_2' title='bbox 370 330 424 399; x_wconf 85' lang='lat' dir='ltr'>&#39;C.</span> <span class='ocrx_word' id='word_1_3' title='bbox 454 330 604 399; x_wconf 78' lang='lat' dir='ltr'>Coun.</span> <span class='ocrx_word' id='word_1_4' title='bbox 636 331 821 398; x_wconf 76' lang='lat' dir='ltr'>TAcrrr</span> 
     </span>
    </p>
   </div>
   <div class='ocr_carea' id='block_1_2' title="bbox 177 446 1036 2888">
    <p class='ocr_par' dir='ltr' id='par_1_2' title="bbox 257 446 960 1652">
     <span class='ocr_line' id='line_1_2' title="bbox 302 446 949 529; baseline 0.003 -20"><span class='ocrx_word' id='word_1_5' title='bbox 302 448 386 509; x_wconf 87' lang='lat' dir='ltr'><strong>XIX.</strong></span> <span class='ocrx_word' id='word_1_6' title='bbox 410 446 562 529; x_wconf 88' lang='lat' dir='ltr'>Postquam</span> <span class='ocrx_word' id='word_1_7' title='bbox 593 451 626 508; x_wconf 86' lang='lat' dir='ltr'>in&#39;</span> <span class='ocrx_word' id='word_1_8' title='bbox 650 453 801 529; x_wconf 70' lang='lat' dir='ltr'>conspecu</span> <span class='ocrx_word' id='word_1_9' title='bbox 828 448 949 522; x_wconf 83' lang='lat' dir='ltr'>Padus,</span> 
     </span>
     <span class='ocr_line' id='line_1_3' title="bbox 263 529 948 611; baseline 0.001 -21"><span class='ocrx_word' id='word_1_10' title='bbox 263 535 291 606; x_wconf 66' lang='lat' dir='ltr'>§c</span> <span class='ocrx_word' id='word_1_11' title='bbox 318 551 377 590; x_wconf 84' lang='lat' dir='ltr'>nox</span> <span class='ocrx_word' id='word_1_12' title='bbox 402 530 573 609; x_wconf 82' lang='lat' dir='ltr'>appetebat,</span> <span class='ocrx_word' id='word_1_13' title='bbox 594 531 695 590; x_wconf 83' lang='lat' dir='ltr'>vallari</span> <span class='ocrx_word' id='word_1_14' title='bbox 717 529 805 590; x_wconf 84' lang='lat' dir='ltr'>castra</span> <span class='ocrx_word' id='word_1_15' title='bbox 828 532 948 611; x_wconf 85' lang='lat' dir='ltr'>placuit.</span> 
     </span>
     <span class='ocr_line' id='line_1_4' title="bbox 261 610 951 688; baseline -0.003 -14"><span class='ocrx_word' id='word_1_16' title='bbox 261 610 291 674; x_wconf 87' lang='lat' dir='ltr'>Is</span> <span class='ocrx_word' id='word_1_17' title='bbox 307 610 405 681; x_wconf 86' lang='lat' dir='ltr'>labor,</span> <span class='ocrx_word' id='word_1_18' title='bbox 417 611 526 688; x_wconf 73' lang='lat' dir='ltr'>eubano</span> <span class='ocrx_word' id='word_1_19' title='bbox 545 611 630 670; x_wconf 89' lang='lat' dir='ltr'>militi</span> <span class='ocrx_word' id='word_1_20' title='bbox 650 612 796 683; x_wconf 84' lang='lat' dir='ltr'>insolitus,</span> <span class='ocrx_word' id='word_1_21' title='bbox 815 613 951 672; x_wconf 88' lang='lat' dir='ltr'>contudit</span> 
     </span>
     <span class='ocr_line' id='line_1_5' title="bbox 262 689 949 772; baseline -0.001 -18"><span class='ocrx_word' id='word_1_22' title='bbox 262 693 384 754; x_wconf 80' lang='lat' dir='ltr'>animos.</span> <span class='ocrx_word' id='word_1_23' title='bbox 399 691 479 751; x_wconf 89' lang='lat' dir='ltr'>Tum</span> <span class='ocrx_word' id='word_1_24' title='bbox 498 689 697 753; x_wconf 84' lang='lat' dir='ltr'>vetustissimus</span> <span class='ocrx_word' id='word_1_25' title='bbox 717 694 839 772; x_wconf 89' lang='lat' dir='ltr'>quisque</span> <span class='ocrx_word' id='word_1_26' title='bbox 859 693 949 753; x_wconf 87' lang='lat' dir='ltr'>casti-</span> 
     </span>
     <span class='ocr_line' id='line_1_6' title="bbox 263 774 960 856; baseline 0.004 -25"><span class='ocrx_word' id='word_1_27' title='bbox 263 794 330 856; x_wconf 84' lang='lat' dir='ltr'>gare</span> <span class='ocrx_word' id='word_1_28' title='bbox 342 774 527 831; x_wconf 76' lang='lat' dir='ltr'>crediditcrem</span> <span class='ocrx_word' id='word_1_29' title='bbox 537 795 634 842; x_wconf 86' lang='lat' dir='ltr'>suam,</span> <span class='ocrx_word' id='word_1_30' title='bbox 644 792 743 832; x_wconf 83' lang='lat' dir='ltr'>metum</span> <span class='ocrx_word' id='word_1_31' title='bbox 753 797 786 832; x_wconf 81' lang='lat' dir='ltr'>ac</span> <span class='ocrx_word' id='word_1_32' title='bbox 797 775 960 834; x_wconf 80' lang='lat' dir='ltr'>discrimen-</span> 
     </span>
     <span class='ocr_line' id='line_1_7' title="bbox 264 851 950 929; baseline 0.004 -17"><span class='ocrx_word' id='word_1_33' title='bbox 264 851 427 924; x_wconf 85' lang='lat' dir='ltr'>ostendere,</span> <span class='ocrx_word' id='word_1_34' title='bbox 447 854 548 914; x_wconf 85' lang='lat' dir='ltr'>sicum</span> <span class='ocrx_word' id='word_1_35' title='bbox 569 855 688 914; x_wconf 82' lang='lat' dir='ltr'>exercitu</span> <span class='ocrx_word' id='word_1_36' title='bbox 709 855 837 924; x_wconf 72' lang='lat' dir='ltr'>Cercina,</span> <span class='ocrx_word' id='word_1_37' title='bbox 853 875 950 929; x_wconf 81' lang='lat' dir='ltr'>paren·</span> 
     </span>
     <span class='ocr_line' id='line_1_8' title="bbox 265 934 950 1008; baseline -0.001 -12"><span class='ocrx_word' id='word_1_38' title='bbox 265 934 338 996; x_wconf 79' lang='lat' dir='ltr'>ribus</span> <span class='ocrx_word' id='word_1_39' title='bbox 358 935 480 1008; x_wconf 87' lang='lat' dir='ltr'>campis,</span> <span class='ocrx_word' id='word_1_40' title='bbox 500 953 557 992; x_wconf 83' lang='lat' dir='ltr'>tam</span> <span class='ocrx_word' id='word_1_41' title='bbox 568 957 673 1008; x_wconf 85' lang='lat' dir='ltr'>paucas</span> <span class='ocrx_word' id='word_1_42' title='bbox 695 935 819 994; x_wconf 74' lang='lat' dir='ltr'>colones</span> <span class='ocrx_word' id='word_1_43' title='bbox 836 937 950 996; x_wconf 81' lang='lat' dir='ltr'>circum-</span> 
     </span>
     <span class='ocr_line' id='line_1_9' title="bbox 257 1013 948 1094; baseline 0 -20"><span class='ocrx_word' id='word_1_44' title='bbox 257 1016 392 1093; x_wconf 78' lang='lat' dir='ltr'><em>fudisset.</em></span> <span class='ocrx_word' id='word_1_45' title='bbox 409 1016 531 1094; x_wconf 84' lang='lat' dir='ltr'><strong>Jamque</strong></span> <span class='ocrx_word' id='word_1_46' title='bbox 550 1016 617 1074; x_wconf 90' lang='lat' dir='ltr'>totis</span> <span class='ocrx_word' id='word_1_47' title='bbox 635 1013 728 1076; x_wconf 88' lang='lat' dir='ltr'>castris</span> <span class='ocrx_word' id='word_1_48' title='bbox 744 1014 868 1074; x_wconf 88' lang='lat' dir='ltr'>modesti</span> <span class='ocrx_word' id='word_1_49' title='bbox 888 1037 948 1076; x_wconf 89' lang='lat' dir='ltr'>ser-</span> 
     </span>
     <span class='ocr_line' id='line_1_10' title="bbox 264 1097 950 1167; baseline -0.003 -9"><span class='ocrx_word' id='word_1_50' title='bbox 264 1118 386 1167; x_wconf 86' lang='lat' dir='ltr'>mones,</span> <span class='ocrx_word' id='word_1_51' title='bbox 416 1105 444 1156; x_wconf 92' lang='lat'>&amp;</span> <span class='ocrx_word' id='word_1_52' title='bbox 466 1097 650 1156; x_wconf 88' lang='lat' dir='ltr'>inserentibus</span> <span class='ocrx_word' id='word_1_53' title='bbox 677 1117 705 1156; x_wconf 87' lang='lat' dir='ltr'>se</span> <span class='ocrx_word' id='word_1_54' title='bbox 737 1097 950 1156; x_wconf 79' lang='lat' dir='ltr'>centurionibus</span> 
     </span>
     <span class='ocr_line' id='line_1_11' title="bbox 265 1176 954 1258; baseline 0 -20"><span class='ocrx_word' id='word_1_55' title='bbox 265 1177 459 1258; x_wconf 81' lang='lat' dir='ltr'>tribunisque,</span> <span class='ocrx_word' id='word_1_56' title='bbox 471 1176 579 1238; x_wconf 84' lang='lat' dir='ltr'>laudari</span> <span class='ocrx_word' id='word_1_57' title='bbox 586 1179 765 1251; x_wconf 76' lang='lat' dir='ltr'>providentia</span> <span class='ocrx_word' id='word_1_58' title='bbox 774 1180 871 1248; x_wconf 79' lang='lat' dir='ltr'>ducis,</span> <span class='ocrx_word' id='word_1_59' title='bbox 879 1179 954 1255; x_wconf 68' lang='lat' dir='ltr'>quud</span> 
     </span>
     <span class='ocr_line' id='line_1_12' title="bbox 266 1255 954 1337; baseline 0.003 -21"><span class='ocrx_word' id='word_1_60' title='bbox 266 1261 422 1337; x_wconf 80' lang='lat' dir='ltr'>coloniam,</span> <span class='ocrx_word' id='word_1_61' title='bbox 435 1259 541 1320; x_wconf 63' lang='lat' dir='ltr'>vinum</span> <span class='ocrx_word' id='word_1_62' title='bbox 561 1255 588 1318; x_wconf 69' lang='lat' dir='ltr'>b</span> <span class='ocrx_word' id='word_1_63' title='bbox 607 1281 687 1332; x_wconf 80' lang='lat' dir='ltr'>opum</span> <span class='ocrx_word' id='word_1_64' title='bbox 701 1259 851 1329; x_wconf 75' lang='lat' dir='ltr'>validam,</span> <span class='ocrx_word' id='word_1_65' title='bbox 871 1259 954 1318; x_wconf 82' lang='lat' dir='ltr'>robur</span> 
     </span>
     <span class='ocr_line' id='line_1_13' title="bbox 266 1337 952 1436; baseline 0.006 -38"><span class='ocrx_word' id='word_1_66' title='bbox 266 1363 300 1415; x_wconf 67' lang='lat' dir='ltr'>nc</span> <span class='ocrx_word' id='word_1_67' title='bbox 317 1343 407 1399; x_wconf 72' lang='lat' dir='ltr'>sedem</span> <span class='ocrx_word' id='word_1_68' title='bbox 424 1339 494 1399; x_wconf 83' lang='lat' dir='ltr'>bello</span> <span class='ocrx_word' id='word_1_69' title='bbox 507 1340 627 1417; x_wconf 76' lang='lat' dir='ltr'>legisset.</span> <span class='ocrx_word' id='word_1_70' title='bbox 643 1339 704 1418; x_wconf 88' lang='lat' dir='ltr'>lpse</span> <span class='ocrx_word' id='word_1_71' title='bbox 723 1337 867 1419; x_wconf 78' lang='lat' dir='ltr'>postremi&gt;</span> <span class='ocrx_word' id='word_1_72' title='bbox 881 1341 952 1436; x_wconf 81' lang='lat' dir='ltr'>Spu·</span> 
     </span>
     <span class='ocr_line' id='line_1_14' title="bbox 266 1419 953 1500; baseline 0.003 -22"><span class='ocrx_word' id='word_1_73' title='bbox 266 1421 366 1498; x_wconf 75' lang='lat' dir='ltr'>rinna,</span> <span class='ocrx_word' id='word_1_74' title='bbox 382 1441 441 1480; x_wconf 92' lang='lat' dir='ltr'>non</span> <span class='ocrx_word' id='word_1_75' title='bbox 456 1438 517 1478; x_wconf 83' lang='lat' dir='ltr'>tarn</span> <span class='ocrx_word' id='word_1_76' title='bbox 533 1419 645 1500; x_wconf 83' lang='lat' dir='ltr'>culpam</span> <span class='ocrx_word' id='word_1_77' title='bbox 659 1421 847 1500; x_wconf 80' lang='lat' dir='ltr'>exprobrans,</span> <span class='ocrx_word' id='word_1_78' title='bbox 863 1437 953 1500; x_wconf 85' lang='lat' dir='ltr'>quarn</span> 
     </span>
     <span class='ocr_line' id='line_1_15' title="bbox 267 1497 953 1581; baseline 0.004 -22"><span class='ocrx_word' id='word_1_79' title='bbox 267 1503 378 1560; x_wconf 86' lang='lat' dir='ltr'>rarione</span> <span class='ocrx_word' id='word_1_80' title='bbox 396 1497 564 1571; x_wconf 88' lang='lat' dir='ltr'>ostendens,</span> <span class='ocrx_word' id='word_1_81' title='bbox 584 1501 686 1560; x_wconf 66' lang='lat' dir='ltr'>relistis</span> <span class='ocrx_word' id='word_1_82' title='bbox 707 1502 953 1581; x_wconf 62' lang='lat' dir='ltr'>explorantibus,</span> 
     </span>
     <span class='ocr_line' id='line_1_16' title="bbox 268 1581 953 1652; baseline 0.006 -14"><span class='ocrx_word' id='word_1_83' title='bbox 268 1600 375 1642; x_wconf 88' lang='lat' dir='ltr'>ceteros</span> <span class='ocrx_word' id='word_1_84' title='bbox 394 1582 569 1640; x_wconf 83' lang='lat' dir='ltr'>Placentiam</span> <span class='ocrx_word' id='word_1_85' title='bbox 596 1581 724 1652; x_wconf 69' lang='lat' dir='ltr'>reduxit,</span> <span class='ocrx_word' id='word_1_86' title='bbox 748 1581 842 1642; x_wconf 75' lang='lat' dir='ltr'>minus</span> <span class='ocrx_word' id='word_1_87' title='bbox 861 1583 953 1642; x_wconf 85' lang='lat' dir='ltr'>turbi-</span> 
     </span>
    </p>

    <p class='ocr_par' dir='ltr' id='par_1_3' title="bbox 212 1661 954 1742">
     <span class='ocr_line' id='line_1_17' title="bbox 212 1661 954 1742; baseline -0.001 -20"><span class='ocrx_word' id='word_1_88' title='bbox 212 1668 218 1681; x_wconf 72' lang='grc'><strong>“</strong></span> <span class='ocrx_word' id='word_1_89' title='bbox 270 1661 338 1734; x_wconf 88' lang='lat' dir='ltr'>dos,</span> <span class='ocrx_word' id='word_1_90' title='bbox 352 1671 380 1723; x_wconf 87' lang='lat'>&amp;</span> <span class='ocrx_word' id='word_1_91' title='bbox 397 1663 516 1742; x_wconf 83' lang='lat' dir='ltr'>imperia</span> <span class='ocrx_word' id='word_1_92' title='bbox 532 1662 706 1742; x_wconf 80' lang='lat' dir='ltr'>accipientes,</span> <span class='ocrx_word' id='word_1_93' title='bbox 725 1663 848 1724; x_wconf 87' lang='lat' dir='ltr'>Solidari</span> <span class='ocrx_word' id='word_1_94' title='bbox 862 1666 954 1734; x_wconf 84' lang='lat' dir='ltr'>muri,</span> 
     </span>
    </p>

    <p class='ocr_par' dir='ltr' id='par_1_4' title="bbox 269 1741 955 1828">
     <span class='ocr_line' id='line_1_18' title="bbox 269 1741 955 1828; baseline 0.001 -26"><span class='ocrx_word' id='word_1_95' title='bbox 269 1743 480 1828; x_wconf 78' lang='lat' dir='ltr'>propugnacula</span> <span class='ocrx_word' id='word_1_96' title='bbox 504 1741 628 1815; x_wconf 85' lang='lat' dir='ltr'>addita,</span> <span class='ocrx_word' id='word_1_97' title='bbox 651 1746 738 1804; x_wconf 69' lang='lat' dir='ltr'>austae</span> <span class='ocrx_word' id='word_1_98' title='bbox 758 1763 864 1814; x_wconf 84' lang='lat' dir='ltr'>turres,</span> <span class='ocrx_word' id='word_1_99' title='bbox 886 1762 955 1824; x_wconf 87' lang='lat' dir='ltr'>pro·</span> 
     </span>
    </p>

    <p class='ocr_par' dir='ltr' id='par_1_5' title="bbox 270 1823 973 1907">
     <span class='ocr_line' id='line_1_19' title="bbox 270 1823 973 1907; baseline -0.001 -22"><span class='ocrx_word' id='word_1_100' title='bbox 270 1827 333 1885; x_wconf 84' lang='lat' dir='ltr'>visa</span> <span class='ocrx_word' id='word_1_101' title='bbox 352 1844 504 1907; x_wconf 86' lang='lat' dir='ltr'>parataque</span> <span class='ocrx_word' id='word_1_102' title='bbox 520 1848 580 1885; x_wconf 92' lang='lat' dir='ltr'>non</span> <span class='ocrx_word' id='word_1_103' title='bbox 597 1846 685 1892; x_wconf 59' lang='lat' dir='ltr'>arma&gt;</span> <span class='ocrx_word' id='word_1_104' title='bbox 699 1823 807 1896; x_wconf 75' lang='lat' dir='ltr'>modo,</span> <span class='ocrx_word' id='word_1_105' title='bbox 826 1825 875 1885; x_wconf 89' lang='lat' dir='ltr'>sed</span> <span class='ocrx_word' id='word_1_106' title='bbox 892 1825 953 1885; x_wconf 84' lang='lat' dir='ltr'>ob·</span> <span class='ocrx_word' id='word_1_107' title='bbox 971 1850 973 1853; x_wconf 91' lang='lat'>·</span> 
     </span>
    </p>

    <p class='ocr_par' dir='ltr' id='par_1_6' title="bbox 266 1906 956 1989">
     <span class='ocr_line' id='line_1_20' title="bbox 266 1906 956 1989; baseline -0.004 -20"><span class='ocrx_word' id='word_1_108' title='bbox 266 1910 402 1989; x_wconf 74' lang='lat' dir='ltr'>sequium</span> <span class='ocrx_word' id='word_1_109' title='bbox 433 1917 460 1967; x_wconf 74' lang='grc' dir='ltr'>δι</span> <span class='ocrx_word' id='word_1_110' title='bbox 487 1906 604 1987; x_wconf 79' lang='lat' dir='ltr'>parendi</span> <span class='ocrx_word' id='word_1_111' title='bbox 629 1926 729 1977; x_wconf 87' lang='lat' dir='ltr'>amor,</span> <span class='ocrx_word' id='word_1_112' title='bbox 752 1906 830 1987; x_wconf 89' lang='lat' dir='ltr'>quod</span> <span class='ocrx_word' id='word_1_113' title='bbox 859 1908 956 1967; x_wconf 88' lang='lat' dir='ltr'>solum</span> 
     </span>
    </p>

    <p class='ocr_par' dir='ltr' id='par_1_7' title="bbox 177 1983 956 2150">
     <span class='ocr_line' id='line_1_21' title="bbox 177 1983 956 2071; baseline 0.001 -24"><span class='ocrx_word' id='word_1_114' title='bbox 177 2008 181 2015; x_wconf 86' lang='lat'><em>·</em></span> <span class='ocrx_word' id='word_1_115' title='bbox 270 1990 329 2066; x_wconf 78' lang='lat' dir='ltr'>illis</span> <span class='ocrx_word' id='word_1_116' title='bbox 349 1990 472 2068; x_wconf 83' lang='lat' dir='ltr'>partibus</span> <span class='ocrx_word' id='word_1_117' title='bbox 497 1987 607 2059; x_wconf 75' lang='lat' dir='ltr'>defuit,</span> <span class='ocrx_word' id='word_1_118' title='bbox 627 2008 716 2071; x_wconf 85' lang='lat' dir='ltr'>quum</span> <span class='ocrx_word' id='word_1_119' title='bbox 743 1988 853 2049; x_wconf 85' lang='lat' dir='ltr'>virtutis</span> <span class='ocrx_word' id='word_1_120' title='bbox 868 1983 956 2050; x_wconf 81' lang='lat' dir='ltr'>haud</span> 
     </span>
     <span class='ocr_line' id='line_1_22' title="bbox 271 2089 427 2150; baseline 0.013 -23"><span class='ocrx_word' id='word_1_121' title='bbox 271 2089 427 2150; x_wconf 69' lang='lat' dir='ltr'>poeniteret.</span> 
     </span>
    </p>

    <p class='ocr_par' dir='ltr' id='par_1_8' title="bbox 272 2146 1036 2638">
     <span class='ocr_line' id='line_1_23' title="bbox 315 2146 958 2230; baseline 0 -21"><span class='ocrx_word' id='word_1_122' title='bbox 315 2150 391 2210; x_wconf 89' lang='lat' dir='ltr'>XX.</span> <span class='ocrx_word' id='word_1_123' title='bbox 423 2151 464 2211; x_wconf 87' lang='lat' dir='ltr'>At</span> <span class='ocrx_word' id='word_1_124' title='bbox 493 2150 610 2211; x_wconf 86' lang='lat' dir='ltr'>Caecina</span> <span class='ocrx_word' id='word_1_125' title='bbox 624 2196 637 2221; x_wconf 83' lang='lat'>,</span> <span class='ocrx_word' id='word_1_126' title='bbox 664 2150 741 2211; x_wconf 85' lang='lat' dir='ltr'>velut</span> <span class='ocrx_word' id='word_1_127' title='bbox 767 2146 864 2209; x_wconf 60' lang='lat' dir='ltr'>relicta</span> <span class='ocrx_word' id='word_1_128' title='bbox 895 2148 958 2230; x_wconf 88' lang='lat' dir='ltr'>poll</span> 
     </span>
     <span class='ocr_line' id='line_1_24' title="bbox 274 2228 959 2314; baseline -0.001 -22"><span class='ocrx_word' id='word_1_129' title='bbox 274 2230 362 2310; x_wconf 85' lang='lat' dir='ltr'>Alpes</span> <span class='ocrx_word' id='word_1_130' title='bbox 378 2228 485 2292; x_wconf 70' lang='lat' dir='ltr'>saevirib</span> <span class='ocrx_word' id='word_1_131' title='bbox 496 2254 529 2291; x_wconf 91' lang='lat' dir='ltr'>ac</span> <span class='ocrx_word' id='word_1_132' title='bbox 545 2229 676 2301; x_wconf 62' lang='lat' dir='ltr'>licentia,</span> <span class='ocrx_word' id='word_1_133' title='bbox 695 2229 823 2291; x_wconf 85' lang='lat' dir='ltr'>modesto</span> <span class='ocrx_word' id='word_1_134' title='bbox 839 2234 959 2314; x_wconf 85' lang='lat' dir='ltr'>agmine</span> 
     </span>
     <span class='ocr_line' id='line_1_25' title="bbox 272 2311 1036 2393; baseline 0.008 -24"><span class='ocrx_word' id='word_1_135' title='bbox 272 2332 324 2393; x_wconf 84' lang='lat' dir='ltr'>per</span> <span class='ocrx_word' id='word_1_136' title='bbox 343 2314 457 2373; x_wconf 82' lang='lat' dir='ltr'>Italiam</span> <span class='ocrx_word' id='word_1_137' title='bbox 477 2316 600 2374; x_wconf 85' lang='lat' dir='ltr'>incessit.</span> <span class='ocrx_word' id='word_1_138' title='bbox 618 2311 760 2373; x_wconf 87' lang='lat' dir='ltr'>Ornatum</span> <span class='ocrx_word' id='word_1_139' title='bbox 780 2314 866 2391; x_wconf 89' lang='lat' dir='ltr'>ipsius</span> <span class='ocrx_word' id='word_1_140' title='bbox 888 2334 958 2375; x_wconf 79' lang='lat' dir='ltr'>mu-</span> <span class='ocrx_word' id='word_1_141' title='bbox 1035 2336 1036 2365; x_wconf 74' lang='lat'>1</span> 
     </span>
     <span class='ocr_line' id='line_1_26' title="bbox 276 2390 1036 2474; baseline -0.004 -20"><span class='ocrx_word' id='word_1_142' title='bbox 276 2395 382 2474; x_wconf 89' lang='lat' dir='ltr'>nicipia</span> <span class='ocrx_word' id='word_1_143' title='bbox 411 2403 440 2455; x_wconf 88' lang='lat'>&amp;</span> <span class='ocrx_word' id='word_1_144' title='bbox 467 2394 586 2453; x_wconf 82' lang='lat' dir='ltr'>coloniae</span> <span class='ocrx_word' id='word_1_145' title='bbox 612 2395 642 2451; x_wconf 87' lang='lat' dir='ltr'>in</span> <span class='ocrx_word' id='word_1_146' title='bbox 670 2394 828 2473; x_wconf 85' lang='lat' dir='ltr'>superbiam</span> <span class='ocrx_word' id='word_1_147' title='bbox 855 2390 958 2452; x_wconf 60' lang='lat' dir='ltr'>trahe*</span> <span class='ocrx_word' id='word_1_148' title='bbox 1035 2460 1036 2469; x_wconf 9' lang='grc' dir='ltr'>ἵ</span> 
     </span>
     <span class='ocr_line' id='line_1_27' title="bbox 275 2471 959 2557; baseline 0.004 -24"><span class='ocrx_word' id='word_1_149' title='bbox 275 2476 348 2534; x_wconf 83' lang='lat' dir='ltr'>baur</span> <span class='ocrx_word' id='word_1_150' title='bbox 354 2499 365 2547; x_wconf 82' lang='lat'>3</span> <span class='ocrx_word' id='word_1_151' title='bbox 388 2474 466 2557; x_wconf 86' lang='lat' dir='ltr'>qubd</span> <span class='ocrx_word' id='word_1_152' title='bbox 481 2474 647 2541; x_wconf 77' lang='lat' dir='ltr'>versicolore</span> <span class='ocrx_word' id='word_1_153' title='bbox 666 2474 785 2556; x_wconf 85' lang='lat' dir='ltr'>sagulo,</span> <span class='ocrx_word' id='word_1_154' title='bbox 800 2471 959 2544; x_wconf 82' lang='lat' dir='ltr'>bracchas,</span> 
     </span>
     <span class='ocr_line' id='line_1_28' title="bbox 276 2554 960 2638; baseline -0.009 -19"><span class='ocrx_word' id='word_1_155' title='bbox 276 2576 392 2638; x_wconf 84' lang='lat' dir='ltr'>tegmen</span> <span class='ocrx_word' id='word_1_156' title='bbox 416 2556 566 2616; x_wconf 83' lang='lat' dir='ltr'>barbarum</span> <span class='ocrx_word' id='word_1_157' title='bbox 578 2601 590 2625; x_wconf 88' lang='lat'><em>,</em></span> <span class='ocrx_word' id='word_1_158' title='bbox 611 2555 745 2625; x_wconf 87' lang='lat' dir='ltr'>indutus,</span> <span class='ocrx_word' id='word_1_159' title='bbox 767 2572 883 2637; x_wconf 79' lang='lat' dir='ltr'>rogatos</span> <span class='ocrx_word' id='word_1_160' title='bbox 907 2554 960 2617; x_wconf 87' lang='lat' dir='ltr'>ad-.</span> 
     </span>
    </p>

    <p class='ocr_par' dir='ltr' id='par_1_9' title="bbox 223 2636 1036 2888">
     <span class='ocr_line' id='line_1_29' title="bbox 248 2636 1036 2721; baseline -0.004 -21"><span class='ocrx_word' id='word_1_161' title='bbox 248 2637 446 2717; x_wconf 69' lang='lat' dir='ltr'>loqueretur.</span> <span class='ocrx_word' id='word_1_162' title='bbox 465 2639 594 2698; x_wconf 84' lang='lat' dir='ltr'>Uxorem</span> <span class='ocrx_word' id='word_1_163' title='bbox 616 2658 729 2721; x_wconf 89' lang='lat' dir='ltr'>quoque</span> <span class='ocrx_word' id='word_1_164' title='bbox 753 2641 812 2714; x_wconf 86' lang='lat' dir='ltr'>ejus</span> <span class='ocrx_word' id='word_1_165' title='bbox 836 2636 958 2697; x_wconf 76' lang='lat' dir='ltr'>Saloni·</span> <span class='ocrx_word' id='word_1_166' title='bbox 1035 2646 1036 2715; x_wconf 35' lang='lat' dir='ltr'><em>g</em></span> 
     </span>
     <span class='ocr_line' id='line_1_30' title="bbox 277 2718 1036 2799; baseline -0.008 -18"><span class='ocrx_word' id='word_1_167' title='bbox 277 2740 368 2790; x_wconf 80' lang='lat' dir='ltr'>nani,</span> <span class='ocrx_word' id='word_1_168' title='bbox 388 2739 563 2799; x_wconf 86' lang='lat' dir='ltr'>quamquam</span> <span class='ocrx_word' id='word_1_169' title='bbox 582 2721 611 2777; x_wconf 85' lang='lat' dir='ltr'>in</span> <span class='ocrx_word' id='word_1_170' title='bbox 627 2719 728 2777; x_wconf 88' lang='lat' dir='ltr'>nullius</span> <span class='ocrx_word' id='word_1_171' title='bbox 747 2718 899 2795; x_wconf 82' lang='lat' dir='ltr'>injuriam,</span> <span class='ocrx_word' id='word_1_172' title='bbox 918 2719 961 2775; x_wconf 89' lang='lat' dir='ltr'>in-</span> <span class='ocrx_word' id='word_1_173' title='bbox 1035 2738 1036 2795; x_wconf 41' lang='grc' dir='ltr'><strong>ᾗ</strong></span> 
     </span>
     <span class='ocr_line' id='line_1_31' title="bbox 223 2797 1036 2888; baseline -0.002 -29"><span class='ocrx_word' id='word_1_174' title='bbox 223 2822 237 2834; x_wconf 56' lang='grc'>·’</span> <span class='ocrx_word' id='word_1_175' title='bbox 280 2801 355 2888; x_wconf 68' lang='lat' dir='ltr'>§igni</span> <span class='ocrx_word' id='word_1_176' title='bbox 376 2821 450 2885; x_wconf 88' lang='lat' dir='ltr'>equo</span> <span class='ocrx_word' id='word_1_177' title='bbox 471 2798 601 2883; x_wconf 81' lang='lat' dir='ltr'>ostroque</span> <span class='ocrx_word' id='word_1_178' title='bbox 623 2797 788 2869; x_wconf 86' lang='lat' dir='ltr'>veheretur,</span> <span class='ocrx_word' id='word_1_179' title='bbox 809 2816 961 2880; x_wconf 80' lang='lat' dir='ltr'>tamquam</span> <span class='ocrx_word' id='word_1_180' title='bbox 1035 2846 1036 2857; x_wconf 67' lang='grc'>,</span> 
     </span>
    </p>
   </div>
   <div class='ocr_carea' id='block_1_3' title="bbox 0 0 1077 3650">
    <p class='ocr_par' dir='ltr' id='par_1_10' title="bbox 0 0 1077 3650">
     <span class='ocr_line' id='line_1_32' title="bbox 0 0 1077 3650; baseline 0 0"><span class='ocrx_word' id='word_1_181' title='bbox 0 0 1077 3650; x_wconf 95' lang='lat' dir='ltr'> </span> 
     </span>
    </p>
   </div>
  </div>
 </body>
</html>
