2100 3650
258 315 315 386 382
409 311 463 370 Iu
493 311 689 372 Lranrrrr
720 310 775 374 II.

292 431 319 468 2.
335 417 378 466 Ad
394 418 526 483 implendas
541 419 627 486 populi
643 438 721 480 aives.
735 421 839 470 Vocem
857 421 944 486 populi

253 491 340 542 abesse
352 493 459 542 malebat
466 491 607 549 Gruterus,
617 493 644 542 bt
652 494 716 543 bane
723 495 826 561 ignorat
835 494 945 559 Regius.

251 575 281 614 ut
300 564 327 614 br
349 565 426 616 editio
447 567 523 632 prinu
544 582 554 616 .·
575 583 648 633 quarn
668 567 727 617 ideo
746 584 805 618 cum
835 569 942 620 Ernello

251 637 402 689 delevimus.

290 724 314 774 3.
325 709 368 760 Ex
378 710 476 764 libidine
485 714 590 762 senisii.
606 712 644 763 Ex
659 711 737 762 studio
747 712 898 776 serviendi,
913 725 941 765 ut

250 782 317 834 inter
328 801 433 843 servos,
445 787 567 851 privatam
574 786 665 854 singuli
676 797 805 852 captantes
818 789 941 855 gratian,

250 858 316 908 inter
327 875 416 908 servos
426 893 433 917 ,
442 860 563 925 privatam
573 860 664 926 singuli
674 872 804 926 captantes
816 862 938 928 gratian,

249 941 278 980 ut
293 931 381 998 quibus
400 932 451 982 vile
469 933 518 1000 jain
534 944 605 984 esset
620 933 698 982 alecus
715 935 857 1000 publicum.

255 1068 935 1126 m

350 1171 417 1230 IN
458 1169 722 1231 LIBRUM
764 1170 831 1230 II.

267 1299 360 1360 HIS
381 1295 692 1359 TORIARUM
718 1296 906 1360 Nom.

250 1421 298 1531 C
310 1494 328 1530 a
338 1495 362 1530 r.
373 1481 395 1530 l.
406 1497 429 1531 r.
443 1479 529 1532 Larum
539 1479 597 1544 reip.
610 1512 638 1528 ..
652 1514 659 1530 .
670 1494 821 1544 prosperum.
833 1477 935 1545 Vespa·

246 1554 316 1606 siano
327 1555 352 1605 bt
362 1555 423 1604 Tito
436 1571 443 1604 ε
457 1567 499 1601 aur
511 1567 610 1605 atrox...
619 1555 695 1602 exitio
699 1549 761 1615 suit.
770 1551 934 1604 Domitiano.

285 1643 312 1678 2.
330 1625 439 1694 Prasaga
459 1642 577 1691 responsa.
599 1625 745 1677 Gronovius
765 1625 880 1676 Observ.
897 1643 933 1688 2,

248 1717 294 1753 20.
310 1701 452 1770 Legendum
464 1711 552 1750 censet
560 1703 697 1768 presagia,
710 1712 825 1766 responsa
837 1715 845 1748 .·
857 1699 934 1766 idque

246 1793 332 1827 verum
349 1775 458 1827 videtur.

285 1849 316 1899 11.
335 1865 358 1901 t.
368 1849 438 1898 Lava
448 1849 519 1897 maris
528 1844 662 1913 praeveilus.
674 1844 711 1895 lta
726 1844 817 1898 Guelf.
830 1844 859 1896 &
875 1843 932 1895 edi-

246 1922 284 1973 tio
300 1924 393 1989 prima,
406 1921 538 1988 &recepit
556 1918 678 1970 Ernestus.
695 1920 781 1985 Vulgo
794 1936 933 1985 praeeervec·

247 2009 293 2045 tus.
301 1998 383 2061 Quum
394 1996 499 2063 legisset
508 2010 574 2045 oraru
584 1994 656 2046 maris
668 1991 865 2056 Mediterranei,
876 2010 931 2059 quae

246 2070 276 2117 ad
286 2072 370 2119 laevarn
383 2071 417 2120 est
428 2073 457 2119 ab
469 2068 593 2119 Corintho
609 2067 706 2133 Syriam
716 2067 871 2131 petentibus.
880 2068 932 2116 Au·

246 2142 388 2193 densioribus
406 2144 542 2210 spatiis,i.
560 2158 585 2195 e.
600 2139 733 2191 remotiori
750 2141 780 2189 ab
800 2140 931 2192 littoribus

162 2224 163 2229 ’
244 2230 329 2265 cursu.

282 2288 326 2339 Ill.
343 2304 366 2339 1.
380 2286 467 2356 Regem
479 2289 576 2339 Aerior.
593 2286 660 2338 Flor.
673 2285 803 2355 &Regius
815 2286 929 2337 scribunt

246 2357 384 2413 Uerianum.
406 2364 525 2413 Correxit
544 2362 677 2413 Rhenanus
694 2376 726 2414 ex
747 2362 813 2409 Anu.
830 2374 863 2425 3,
881 2361 928 2410 62.

244 2434 384 2503 Utrobique
402 2438 534 2503 legendum
548 2452 603 2486 esse
618 2434 727 2485 Uranian
738 2444 827 2483 censet
840 2435 928 2483 Aleia·
1003 2439 1006 2445 '

245 2520 293 2561 tus.
305 2510 401 2559 Urania
411 2510 519 2562 Veneris
529 2511 649 2576 templum
662 2508 686 2557 in
698 2508 782 2557 Attica
792 2508 872 2556 fuisse
883 2522 926 2555 au·

244 2583 297 2632 tior
308 2585 341 2633 est
351 2584 495 2643 Pausanias,
507 2602 578 2650 quam
590 2584 728 2637 mortalium
738 2582 810 2647 primi
828 2577 927 2647 Assyrii

244 2658 384 2719 coluerint,
395 2675 453 2708 mox
465 2656 565 2725 Paphii,
580 2658 668 2709 deinde
683 2656 827 2715 Phoenices,
841 2672 855 2703 a
870 2654 926 2722 qui-

245 2734 290 2783 bus
300 2730 380 2779 edotti
390 2730 507 2781 Citheraei
518 2732 604 2781 iisdem
614 2732 689 2780 sacris
698 2729 868 2778 initiabantur.

284 2816 310 2855 2.
320 2802 427 2854 Familia
440 2808 567 2873 utriusque.
579 2804 680 2873 Cynirae
689 2804 743 2856 scil.
753 2804 779 2855 bt
789 2799 926 2853 Thamiraeo'
