2100 3650
257 243 336 342 70'
376 249 412 323 C.
440 253 592 326 eoru.
624 254 824 324 TAcrrr

255 373 395 453 adjundlis
413 374 547 444 auxiliis,
569 374 680 452 repente
701 375 804 434 invasit
827 397 837 430 ε
859 373 941 454 apud

256 453 403 514 Romanos
433 457 533 514 omnia
563 456 661 534 proelio
679 475 744 534 apta
767 455 940 516 :Sarmatae
965 516 969 521 ,

167 599 169 607 s
256 535 370 615 dispersi
388 535 517 615 cupidine
530 536 643 615 praedae,
664 556 713 594 aur
730 556 829 618 graves
847 557 941 596 onere

162 625 164 629 ’
255 637 447 687 sarcinarum,
469 625 496 698 ξι
515 616 625 676 lubrico
646 618 777 676 itinerum
800 617 942 698 adempti

255 717 393 777 equorum
424 699 611 777 pernicitate,
628 699 714 762 ,velut
735 699 825 758 vindi
850 700 943 760 caede-

256 777 367 838 bantur.
388 777 521 860 Namque
541 781 645 838 mirum
661 779 755 848 dida,
777 799 809 838 ut
820 780 859 840 sit
870 802 942 841 om-

254 859 300 918 nis
319 861 509 919 Sarmatarum
529 862 616 919 virtus
636 861 713 920 velut
733 880 809 920 extra
825 863 906 940 ipsos
928 885 941 921 a

255 937 329 1000 nihil
345 941 381 1000 ad
397 939 549 1020 pedestrem
564 962 690 1025 pugnam
700 961 760 1001 tam
773 944 939 1024 ignavum

257 1022 306 1080 ubi
329 1043 377 1102 per
400 1039 504 1082 turmas
529 1022 689 1094 advenere,
713 1025 761 1082 vix
780 1025 839 1084 ulla
862 1027 941 1087 acies

255 1103 402 1162 obstiterit.
422 1103 478 1164 Sed
499 1123 560 1163 tum
580 1101 701 1163 humido
711 1103 778 1174 die,
797 1115 825 1164 δι
839 1107 939 1166 soluto

256 1186 322 1268 gelu
342 1229 352 1256 ,
385 1206 475 1266 neque
500 1187 601 1257 conti,
618 1206 712 1266 neque
732 1186 844 1268 gladii,
862 1209 939 1268 quos
1025 1222 1026 1265 l

277 1267 413 1348 raelongos
438 1287 553 1348 utraque
580 1288 667 1325 manu
694 1286 817 1349 regunt,
848 1271 938 1342 usui,
1025 1280 1026 1293 ¹

249 1287 429 1427 lapsantibus
442 1351 520 1428 equis
535 1393 544 1418 ‚
566 1356 594 1408 &
608 1345 850 1427 cataphradiatum
864 1370 940 1428 pou-
1025 1348 1026 1421 ἶ

256 1427 330 1488 dere.
352 1428 386 1488 ld
402 1429 573 1508 principibus
594 1439 621 1489 &
633 1428 814 1488 nobilissimo
832 1433 939 1513 cuique
1025 1500 1026 1503 Ἴ

257 1527 393 1592 tegmen,
411 1508 505 1568 ferreis
523 1511 657 1581 laminis,
672 1530 720 1570 aut
738 1509 865 1589 praeduro
886 1535 939 1572 co·
1025 1510 1026 1531 ³

221 1605 226 1618 “
257 1592 300 1650 rio
320 1610 500 1662 consertum3
521 1611 551 1650 ut
568 1591 697 1650 adversus
717 1594 787 1652 idius
805 1594 939 1672 impene-

258 1672 380 1743 trabile,
399 1673 438 1731 ita
452 1674 559 1752 impetu
580 1667 702 1732 hostium
720 1674 877 1753 provolutis
892 1677 939 1736 in·

257 1749 353 1814 habile
373 1753 408 1814 ad
429 1753 650 1837 resurgendum:
665 1755 749 1813 simul
762 1755 938 1831 altitudine,

258 1844 286 1897 &
317 1834 438 1895 mollitii
460 1838 533 1897 nivis
557 1834 764 1897 hauriebantur.
786 1836 939 1900 Romanus

258 1918 339 1979 miles
371 1918 451 1979 facili
479 1916 584 1989 lorical,
613 1927 640 1977 &
664 1920 766 1978 missili
785 1919 866 1997 pilo,
888 1941 940 1981 aut

259 1998 362 2061 lanceis
387 1998 549 2070 adsultans,
573 1998 622 2058 ubi
644 2019 685 2059 res
707 2019 856 2080 posceret,
878 2002 939 2063 levi

281 2081 358 2140 ladio
381 2082 516 2141 inermem
538 2081 697 2141 Sarmatam
718 2086 831 2162 (neque
857 2086 939 2145 enim

260 2102 375 2223 defendi
388 2180 465 2222 scuto
482 2184 546 2221 mos
560 2161 621 2237 est)
642 2164 771 2222 cominus
784 2162 917 2225 fodiebat
929 2188 938 2225 t

261 2242 365 2304 donec'
385 2244 488 2323 pauci,
518 2245 569 2325 qui
595 2245 696 2323 proelio
720 2244 938 2325 superfuerant,

260 2324 408 2409 paludibus
418 2326 589 2384 abderentur
606 2348 615 2383 ι
633 2326 675 2386 ibi
694 2324 799 2387 saevitilt
812 2324 938 2400 hiemis,

262 2418 289 2468 δι
311 2406 511 2469 vi'vulnerum
540 2408 690 2486 absumpti.
720 2406 873 2489 Postquam
906 2408 940 2469 id

259 2486 363 2549 Roma
379 2506 575 2569 compertum,
592 2488 636 2547 M.
651 2488 780 2566 Aponius
798 2490 938 2551 Moesiam

262 2570 411 2642 obtinens,
434 2568 597 2650 triumphali
610 2566 715 2640 statui,
735 2570 848 2631 Fulvius
866 2572 937 2631 Au·

262 2652 368 2726 telius,
391 2652 566 2712 &Julianus
591 2650 703 2723 Titius,
730 2673 763 2711 ac
786 2652 939 2714 Numisius

263 2732 385 2817 Lupus,
412 2732 500 2817 legati
528 2734 707 2818 legionum,
743 2735 938 2799 consularibus
