2100 3650
263 328 575 397 maronianum
588 324 672 395 Lm.
689 326 738 393 II.
769 347 836 423 ¹57

160 466 294 507 numerus
327 447 479 525 amplior,
511 447 713 525 procacissimis
748 448 837 509 etiam

160 528 233 587 inter
253 548 346 587 servos
365 528 485 587 lixarum
508 528 630 610 ingeniis
656 546 727 587 :rot
749 528 832 587 Iera-

159 626 254 667 torum
287 610 499 689 amicorumque
533 612 711 679 comitatus,
745 576 832 691 india·

159 688 225 748 bilis
243 687 279 749 ad
298 689 471 768 parendum,
490 689 576 749 etiam
597 692 620 749 si
639 686 749 749 summai
767 711 834 749 mo-

158 768 246 829 deffia
258 788 412 853 regeretur.
435 770 601 831 Onerabant
622 771 833 833 multitudinem

157 851 239 910 obvii
260 871 294 909 ex
315 851 384 910 urbe
405 871 544 911 senatores
563 854 745 933 equitesque:
767 854 834 934 qui-

158 930 227 990 dam
246 950 344 1004 metu,
367 933 450 991 multi
472 952 521 1011 per
545 933 759 1004 adulationem,
779 954 830 992 ce-

157 1014 210 1071 teri
221 1056 231 1083 ‚
251 1034 284 1071 ac
307 1014 452 1092 paullatim
472 1034 589 1085 omnes,
606 1034 661 1083 ne,
684 1014 746 1073 aliis
769 1035 834 1095 pro·

158 1090 369 1165 ficiscentibus,
394 1095 448 1173 ipsi
468 1114 652 1153 remanerent.
673 1094 829 1177 Aggrega-

158 1172 260 1251 bantur
277 1195 293 1231 e
312 1174 416 1253 plebe,
442 1176 585 1256 flagitiosa
609 1194 661 1253 per
678 1176 832 1256 obsequia,

154 1254 278 1313 Vitellio
301 1257 431 1338 cogniti,
453 1277 569 1327 scurrae,
593 1252 759 1332 histriones,
783 1279 832 1316 au·

153 1337 244 1419 riga,
261 1336 363 1416 quibus
383 1336 430 1394 ille
450 1337 639 1397 amicitiarum
658 1334 829 1398 dehonesta-

153 1418 259 1479 mentis
272 1418 343 1475 mire
355 1416 504 1499 gaudebat.
521 1416 584 1477 Nec
595 1419 711 1478 coloniae
722 1418 831 1491 modi),

154 1517 204 1559 aut
234 1499 411 1577 municipia,
431 1496 564 1581 congestu
593 1500 758 1578 copiarum,
779 1500 831 1561 scd

152 1580 210 1658 ipsi
223 1579 358 1648 cultores,
378 1600 514 1659 arvaque,
536 1582 650 1641 maturis
668 1585 727 1660 jam
742 1581 832 1665 frugi*

154 1658 224 1729 bus,
242 1679 273 1718 ut
286 1656 385 1719 hostile
399 1660 491 1719 solum
509 1658 696 1722 vastabantur.

195 1740 395 1801 LXXXVIII.
413 1742 513 1801 Mulrae
533 1751 685 1803 &atroces
706 1744 778 1802 inter
799 1763 831 1803 se

151 1822 278 1900 militum
304 1820 418 1896 caedes,
446 1820 509 1903 post
536 1822 702 1884 seditionem
730 1824 838 1900 Ticini¹

151 1923 275 1983 coeptam
300 1924 458 1964 :manente
480 1903 628 1986 legionum
650 1905 830 1966 auxiliorum*

152 2005 209 2065 quc
226 1983 385 2056 latomia,
404 1985 454 2044 ubi
471 1984 600 2045 adversus
621 2007 746 2068 paganos
768 2008 829 2046 cer-

152 2065 273 2126 tandum
289 2064 380 2136 foret,
399 2087 543 2125 consensu.
559 2065 612 2126 Sed
628 2068 747 2146 plurima
758 2066 828 2129 stra·-

150 2167 221 2230 ges,
242 2146 279 2206 ad
295 2148 446 2226 septimum
464 2147 501 2205 ab
518 2148 585 2206 urbe
602 2147 725 2228 lapidem
745 2173 752 2207 τ
771 2152 828 2212 sin-

150 2229 225 2313 gulis
245 2227 286 2286 ibi
302 2228 440 2288 militibus
452 2228 586 2288 Vitell'rus
597 2249 708 2310 paratos
728 2230 828 2304 cibos,

150 2327 184 2370 ut
208 2307 409 2390 gladiatoriam
430 2312 581 2392 saginam,
605 2309 772 2372 dividebat:
798 2321 828 2372 dt

150 2385 240 2448 effusa
261 2389 375 2469 plebes,
403 2393 468 2450 totis
495 2409 525 2449 se
551 2387 643 2450 tastris
667 2395 827 2456 miscuerat.

148 2469 309 2530 Incuriosos
331 2469 460 2541 milites,
481 2470 648 2542 vernaculi,
675 2492 706 2531 ut
724 2472 829 2534 reban-

149 2543 213 2622 tbr,
235 2551 412 2621 urbanitate,
431 2551 550 2633 quidam
570 2554 745 2633 spoliavere,
768 2555 827 2615 ab·

147 2633 229 2692 scisis
252 2630 350 2691 furtim
372 2632 499 2703 balteis,
521 2656 558 2692 an
584 2637 696 2694 accinat·
710 2636 828 2712 forent,

147 2715 313 2795 rogitantes.
341 2711 412 2772 Non
437 2713 501 2773 tulit
523 2713 676 2788 ludibrium
703 2715 829 2778 insolens

148 2793 327 2860 contmneliae
350 2794 462 2855 animus
489 2817 500 2852 a
528 2797 663 2856 inermem
686 2797 825 2886 populum
