2100 3650
222 291 677 370 murmurmurmur.
743 325 786 390 39

110 415 222 479 constat
238 441 246 476 z
265 416 382 500 quitiam
403 417 558 478 Terentium
571 437 729 489 euocatum,
739 422 789 480 alii

109 499 258 560 Lecanium
278 521 288 556 :
308 499 430 558 crebrior
449 497 528 558 fama
548 500 663 559 tradidit
689 504 789 560 Cornu⁴¹

109 583 182 640 rium
201 581 301 658 quinte
319 580 428 639 decima
445 581 561 658 legionis
580 583 714 651 militem,
731 581 787 640 im*

107 683 206 737 presso
218 662 330 740 gladio,
334 661 462 741 jugulum
470 662 529 740 ejus
542 660 676 721 hausisse.
690 662 789 723 Ceteri

108 763 188 802 crura
207 738 379 822 brachiaque
398 745 492 812 (nam
507 745 601 820 pecius
616 743 786 825 tegebatur)

109 819 189 883 fode
210 822 351 886 laniavere
372 822 531 904 :pleraque
557 823 694 894 vulnera,
719 822 788 884 feri-

108 922 167 964 tate
190 913 219 965 ει
240 900 368 976 saevitii,
392 921 490 964 trunco
512 908 572 984 jam
597 907 708 986 corpori
730 905 786 966 ad-
863 937 881 962 s.

107 988 192 1065 jei'ca.
656 1006 659 1009 ’

149 1065 244 1126 XLII.
267 1065 368 1126 Titum
392 1063 459 1124 inde
480 1064 603 1126 Vinium
625 1067 749 1126 invasere
776 1089 787 1125 τ

108 1145 145 1206 ‹ie
160 1169 222 1229 quo
235 1155 263 1208 δι
276 1148 338 1227 ipso
351 1147 525 1230 ambigitur,
537 1150 789 1226 consumpserit-ne

108 1248 212 1288 uocem
235 1232 293 1307 ejus
314 1226 416 1288 instans
438 1245 529 1286 metus
541 1272 554 1298 ,
570 1249 607 1287 an
625 1229 788 1306 proclama-

106 1311 180 1370 verit
197 1355 209 1379 ‚
239 1329 293 1368 non
316 1327 379 1368 esse·-
400 1307 434 1366 ab
464 1307 576 1368 Othone
602 1311 789 1382 mundatum,

108 1409 140 1448 ut
155 1392 328 1451 occideretur.
350 1386 439 1466 Quod
456 1407 504 1448 seu
522 1386 604 1449 finxit
617 1387 789 1463 formidine,

109 1491 158 1531 seu
169 1467 342 1531 conscientii
356 1471 559 1550 coujurationIs
572 1469 715 1530 confessus
727 1469 767 1530 est
779 1494 789 1528 t

107 1548 164 1611 huc
186 1551 279 1633 potiris
294 1555 352 1630 ejus
365 1551 425 1612 sita
446 1550 580 1631 famaque
597 1551 735 1620 inclinat,
759 1556 792 1611 ut'

106 1635 239 1694 conscius
259 1631 365 1692 sceleris
386 1632 490 1703 fuerit,
513 1637 590 1710 cujus
612 1653 696 1692 causa
721 1649 792 1692 erat.

107 1713 187 1774 Ante
197 1713 288 1774 aedem
304 1712 364 1773 divi
380 1713 448 1774 Iulii
468 1715 573 1791 jacuit,
586 1715 679 1793 primo
691 1715 749 1773 ieiu
760 1716 792 1774 in

108 1797 269 1877 poplitem,
286 1813 354 1853 mox
365 1794 402 1853 ab
413 1793 490 1855 Juiio
504 1793 584 1855 Cato
596 1838 605 1864 ,
629 1794 792 1876 legionario

110 1878 225 1948 milite,
248 1878 278 1936 in
299 1894 448 1957 utrumque
461 1876 534 1934 irtus
547 1876 791 1936 transverberatus.

148 1957 258 2019 XLIII.
285 1956 430 2039 Insignem
456 1954 505 2015 ura
529 1954 576 2013 die
595 1958 687 2016 vitum
707 1956 791 2016 Sem·

108 2041 243 2120 pronium
257 2038 387 2098 Densum
407 2056 472 2095 aetas
490 2034 583 2096 nostra
602 2036 685 2097 vidit.
710 2035 793 2099 Cen·

110 2123 185 2180 turio
204 2123 228 2180 is
247 2120 380 2199 praetorie
394 2115 541 2187 cohortis,
559 2140 576 2177 a
593 2118 690 2179 Galba
701 2117 794 2179 custo·

109 2200 162 2263 diae
189 2198 302 2261 Pisonis
324 2199 457 2271 additus,
475 2196 571 2259 striuo
589 2201 714 2282 pugione
734 2222 790 2259 oc·

107 2302 219 2345 currens
248 2284 383 2353 armatis,
409 2289 436 2339 δι
471 2281 560 2340 stolus
586 2281 756 2360 exprobrans
778 2311 793 2352 ‚¹

108 2385 143 2423 ac
161 2361 252 2425 modo
266 2384 373 2433 manu,
392 2358 482 2419 modu
501 2381 589 2433 voce,
603 2361 740 2438 vertendo
760 2363 794 2423 irr'

107 2445 138 2506 se
158 2464 349 2525 percussores,
390 2461 544 2522 utinquam
560 2442 710 2507 vulnerato
731 2443 791 2502 Pi·

106 2526 172 2588 soni
185 2523 323 2609 effitgium
338 2464 423 2585 deiru
448 2519 514 2582 Piso
537 2526 567 2583 in
586 2522 675 2583 eedem
693 2522 795 2583 Vestae'
861 2532 867 2547 “

107 2611 253 2691 pervasit,
271 2624 454 2687 exceptusque
472 2604 664 2665 misericordi&
682 2605 795 2685 publici

107 2693 203 2760 servi,
231 2698 260 2751 δε
287 2688 471 2747 contubernio
492 2691 550 2765 ejus
573 2684 706 2755 abditus,
727 2706 788 2746 uon

107 2774 275 2858 reiigione,
303 2790 357 2833 nec
384 2769 575 2843 caerImoniis,
604 2767 654 2829 scd
681 2766 795 2827 latebri'

262 2994 271 3023 k
