2100 3650
213 259 308 315 χηο
365 244 403 315 C.
431 245 571 315 cortu.
602 228 787 313 TA'crrr
861 325 864 330 A

233 362 311 435 fuit,
329 364 469 435 insidias,
493 386 531 425 an
556 362 767 445 proditionem,
786 358 832 420 vel
861 356 914 420 ali·

259 444 317 507 uod
353 443 500 507 honestum
537 445 688 503 consilium
721 445 913 523 coeptaverint.

234 467 377 598 zetina,
406 522 539 586 dimissis
560 527 699 595 tribunis,
730 527 854 583 revestus
883 524 915 589 in

238 606 345 678 casira,
360 607 458 667 datum
474 612 552 685 jussu
569 606 651 689 Fabri
669 598 800 665 Valentis
814 624 916 745 prssgrrae

237 690 373 771 signum,
389 696 416 747 δι
433 689 552 747 militem
565 690 595 747 in
606 689 691 747 armis
704 688 819 747 invenit.
865 706 915 745 um

239 768 367 851 legiones
394 768 429 827 de
461 770 559 828 ordine
591 770 715 852 agminis
743 768 917 837 sortiuntur,

240 851 348 930 equites
378 870 545 929 prorupere,
578 859 606 910 &
638 850 741 909 mirum
767 848 872 919 diem,
898 868 918 907 a

260 930 419 990 aueiotibirs
440 928 614 990 Othonianis
635 931 786 1011 quominus
811 932 842 989 in
860 929 922 991 vai.

239 950 301 1071 sum
326 1012 565 1095 impingerentur,
594 1011 697 1073 Italicae
719 1012 840 1095 legionis
864 1012 919 1071 vir-

240 1110 300 1152 tute
328 1093 450 1152 deterriti
475 1112 540 1153 sunt
565 1117 573 1153 t
597 1114 631 1154 ea
654 1090 752 1153 striffls
778 1094 920 1153 mucroni·

242 1172 317 1244 bus,
341 1173 428 1233 redire
448 1175 563 1255 pulsos,
585 1185 613 1235 &
636 1194 762 1257 pugnam
781 1194 920 1234 resumere

242 1255 347 1337 coegit
368 1256 516 1335 Disposita
534 1254 752 1321 Vitellianarum
772 1254 921 1339 legionum

243 1337 340 1406 acies,
370 1338 430 1395 sine
458 1335 672 1417 trepidatione:
694 1337 799 1397 etenim
820 1357 922 1419 quam-

266 1437 333 1475 uum
353 1416 456 1477 'vicino
483 1416 581 1490 hoste,
608 1418 754 1499 adspeeius
777 1437 922 1477 armorum

244 1438 340 1557 gensis
356 1496 473 1557 arbustis
491 1497 693 1578 prohibebatur
711 1522 718 1558 ε
737 1499 811 1579 apud
828 1496 923 1558 Otho-

245 1579 348 1641 nianos
365 1579 461 1657 pavidi
476 1579 580 1653 duoes,
595 1583 676 1641 miles
696 1579 814 1641 ducibus
831 1579 924 1639 infen-

244 1680 314 1729 sus,
332 1660 421 1719 mixta
436 1659 567 1723 vehicula
591 1672 618 1723 ει
639 1664 719 1734 lixae,
735 1671 763 1723 &
782 1662 925 1742 preruptis

247 1740 388 1821 utrimque
406 1739 508 1813 fossis,
527 1745 575 1803 via
609 1745 684 1803 uieto
701 1764 814 1825 quoque
833 1744 927 1828 agmi-

247 1822 279 1883 ni
299 1820 424 1905 augusta.
449 1766 659 1886 Circumsffiete
681 1825 731 1886 alii
752 1828 833 1910 sigua
853 1845 925 1896 sua,

247 1924 370 1985 quaerere
396 1906 445 1965 alii
471 1929 478 1963 t
507 1909 626 1968 incertus
648 1907 771 1987 undique
792 1908 925 1974 clamor,

250 1988 474 2056 accurrentium,
494 1990 682 2048 vocitantium
701 2013 707 2046 :
727 1998 753 2049 δι
775 2009 806 2052 ut
824 1989 926 2068 cuique

251 2064 370 2132 audacia
390 2068 436 2126 vei
458 2065 603 2140 formido,
626 2071 657 2130 in
679 2072 800 2150 primam
826 2067 927 2152 postre-

253 2167 366 2205 mamve
393 2149 484 2206 aciem
510 2151 752 2231 prorumpebant,
780 2153 826 2214 vel
852 2171 928 2212 reve-

253 2225 407 2295 hebunturt
858 2287 860 2292 .

263 2354 269 2363 .
295 2307 388 2368 XLII.
414 2312 558 2372 Attonitas
583 2314 676 2373 subito
699 2333 801 2374 terrore
822 2331 933 2375 mentes

256 2385 360 2458 falsum
377 2392 513 2472 gaudium
538 2396 567 2452 in
584 2395 749 2478 languorem
764 2397 867 2468 vertit,
891 2419 932 2456 rt·

256 2472 361 2551 pertis,
376 2475 426 2551 qui
439 2477 590 2536 descivisse
605 2499 622 2536 a
648 2477 765 2538 Vitellio
784 2480 932 2539 exercitum

255 2553 463 2615 ementirentur.
483 2556 512 2615 Is
530 2577 626 2617 rumor
650 2558 687 2619 ab
709 2579 742 2618 er
761 2560 930 2624 loratoribus

257 2629 369 2692 Vitellii
380 2631 537 2714 dispersus,
553 2661 589 2697 an
605 2641 635 2698 in
651 2641 711 2720 ipsa
729 2580 857 2703 (geionis
869 2665 931 2725 par-

258 2729 307 2784 “a
324 2732 373 2774 seu
390 2714 475 2792 dolo,
492 2736 541 2780 seu
558 2719 630 2782 forte
652 2727 814 2798 surrexerit,
832 2748 932 2806 parum

750 2828 936 2890 compertum.
