2100 3650
270 358 338 422 174
390 338 428 405 C.
456 340 847 409 CorrupTAcrrr

263 479 322 515 cum
365 459 451 532 copiis
486 459 601 518 orientis
630 458 806 518 Mucianum.
843 457 943 534 Super-

182 585 185 591 .
263 561 323 597 esse
342 539 514 612 Vespasiano
530 562 623 609 mare,
643 542 746 598 classes
757 587 768 609 ,
776 540 873 620 studia
881 562 941 613 pro-

264 620 440 689 vinciarum,
465 643 518 696 per
543 643 609 698 quos
637 623 713 681 velut
739 623 857 680 alterius
883 619 945 679 belli

265 701 362 760 molem
378 701 468 761 cieret.
484 703 531 761 lta
546 703 651 761 salubri
668 703 744 762 morti
763 724 854 763 novas
871 702 944 763 vires

264 781 365 861 affine,
377 779 404 844 ft
411 783 589 857 prasentibus
599 783 843 859 niltilperitarurn.

304 862 343 922 II.
366 862 413 922 Ad
432 884 464 923 ea
485 865 628 925 Antonius
648 863 757 926 Primus
774 865 823 936 (is
839 865 943 925 acerri-

265 964 329 1003 mus
356 944 424 1004 beni
446 948 626 1021 concitator)
647 948 852 1028 fistinationem
877 947 944 1020 ipsis

265 1027 381 1096 utilem,
405 1028 524 1088 Vitellio
539 1030 687 1089 exitiosam
708 1025 839 1087 disseruit
858 1049 866 1082 :
881 1029 944 1100 plus

264 1108 411 1179 socordia,
428 1107 508 1186 qalorn
519 1111 629 1188 fiducia
639 1152 650 1180 ,
668 1109 816 1171 accessisse
835 1108 945 1168 vitiori-

267 1189 315 1248 bus
322 1205 341 1247 *t
352 1210 434 1266 neque
451 1191 523 1248 enint
539 1193 569 1250 in
583 1189 722 1264 procintiu
737 1183 764 1248 ἃ
779 1189 874 1270 castris
890 1187 943 1247 ha·
1026 1213 1031 1222 ·

266 1270 338 1330 litos
357 1294 367 1328 .·
380 1293 433 1345 per
442 1271 536 1329 omnia
552 1269 643 1331 Italia
660 1271 809 1344 municipia
819 1269 946 1340 desides,

267 1369 374 1409 tanturn
388 1351 542 1425 hospitibus
559 1355 734 1422 metuendos,
751 1351 853 1428 quanti
868 1351 946 1427 fero·

266 1432 325 1490 ciirs
347 1432 410 1490 anti
434 1433 555 1512 egerint,
577 1431 654 1492 tanto
673 1430 797 1508 cupidius
814 1432 946 1491 insolitas

266 1515 420 1586 voluptates
436 1513 562 1572 hausisse
576 1537 586 1571 .·
604 1515 674 1572 circo
690 1533 807 1590 quoqu,
824 1535 857 1572 ac
870 1511 949 1572 tltea·

215 1607 218 1611 ’
266 1594 319 1653 tris
343 1589 369 1653 ἃ
389 1596 545 1655 amaenitate
563 1593 638 1654 urbis
658 1594 813 1664 emollitos,
830 1611 880 1653 aut
897 1594 949 1656 ‘la-

266 1673 433 1734 letudinibus
442 1675 547 1752 fessos.
559 1671 617 1734 Sed
634 1675 727 1734 addito
740 1675 855 1749 spatio,
875 1675 948 1736 redi-

266 1774 357 1815 turum
375 1753 464 1816 &nis
487 1757 570 1816 robur.
586 1756 761 1816 meditatione
781 1755 849 1814 belli
872 1779 883 1814 .·
902 1778 950 1816 net

261 1839 361 1915 procul
368 1838 564 1909 Germaniam,
580 1842 648 1898 unde
659 1841 734 1900 vires
746 1862 756 1896 .·
769 1836 950 1897 Britanniam

257 1922 335 2000 freto
347 1921 441 1979 dirimi
452 1945 462 1978 .·
468 1919 554 2000 juxtlt
568 1918 702 1990 Gallias,
714 1918 924 1997 Hispaniasque
936 1944 947 1978 .·

265 2004 399 2078 utrimque
415 2004 509 2071 viros,
528 2023 628 2079 equos,
649 2001 752 2061 tributa
776 2024 787 2059 .·
806 2001 949 2079 ipsantqae

265 2082 396 2153 ltaliam,
414 2080 442 2141 lt
464 2106 527 2157 opes
542 2082 616 2142 urbis
636 2106 646 2141 :
666 2104 698 2142 at
712 2084 741 2143 si
752 2082 852 2161 lnferre
867 2104 950 2141 arma

265 2165 338 2221 ultro
360 2164 472 2234 velint,
492 2168 559 2222 duas
583 2166 703 2235 classes,
722 2184 889 2239 vacuumque
906 2164 951 2222 11-

266 2244 384 2327 lyticum
405 2266 487 2305 mare.
513 2244 593 2327 Quid
604 2264 660 2303 tunt
680 2245 793 2326 claustra
813 2245 951 2305 montium

261 2326 434 2404 profusiora?
456 2327 524 2403 quid
539 2332 652 2401 trallunt
674 2328 704 2383 in
726 2326 840 2407 aflatern
861 2327 953 2384 oliam

267 2405 392 2467 bellum?
409 2410 479 2466 unde
501 2408 613 2466 interim
624 2406 795 2481 pecuniam,
821 2402 849 2465 ft
877 2427 952 2464 corn-

267 2485 399 2548 meatus?
432 2489 510 2569 Quin
535 2486 630 2563 potitis
657 2508 687 2546 eo
709 2488 770 2561 ipso
789 2502 952 2557 uterentur,

267 2570 341 2645 pald
358 2568 526 2629 Pannonica
551 2570 689 2648 legiones,
714 2570 826 2643 decepta
856 2568 952 2647 tnagis
1036 2580 1037 2609 ³

267 2648 347 2725 q'ulttn
374 2650 471 2720 vitia,
495 2672 629 2730 resurgere
650 2652 683 2709 in'
702 2650 832 2707 ultionem
856 2669 955 2725 prope-

268 2748 352 2788 rent:
369 2730 480 2790 Maesici
494 2734 628 2790 exercitus
644 2732 763 2810 integras
779 2730 856 2789 vires
872 2748 953 2788 attu-

267 2810 361 2874 len‘nt.
385 2810 421 2873 Si
439 2834 566 2874 numerus
590 2812 710 2873 militum
727 2809 844 2889 petilo,
866 2809 952 2889 quum
