2100 3650
199 323 609 395 HisToutAnuanm.
628 320 696 395 IV.
727 348 793 415 527

117 465 153 503 ese
169 444 295 521 reliquiis
314 442 475 503 Germanici
489 445 638 515 exercitiis,
656 447 795 524 legionen

110 525 262 601 foederibus
275 525 432 583 Galliarum
442 526 586 605 obstriclas.
596 528 678 603 quue
686 529 774 600 ipsum
783 572 795 597 ,

116 607 191 682 qudd
214 606 381 665 inconditam
405 628 489 679 nuper
516 606 662 666 Valentini
684 622 798 666 manunt

117 705 214 745 contra
230 708 305 762 spem
320 686 531 763 suamfuden'nt
537 730 549 757 ,
562 690 720 746 alimentum
733 690 795 747 illis

116 769 228 843 ducique
247 769 420 827 temeritatis.
447 768 573 827 Ausuros
590 790 704 836 narsus,
728 790 798 828 ocos

117 864 242 925 torosque
260 849 290 906 in
306 870 420 918 manus,
436 871 490 907 non
505 851 626 923 imperiti
643 851 795 908 adolescen-

118 928 173 987 tuli
184 974 194 999 ‚
220 928 303 990 uerba
321 927 347 989 fr
368 930 529 998 conciones,
548 930 627 1006 quiens
637 930 744 1007 serrum
765 929 795 989 ἃ

117 1030 197 1069 amaa
215 1012 389 1080 meditantis,
406 1014 456 1070 sed
479 1008 623 1070 Ciuilis&
645 1012 763 1069 Classici
782 1020 800 1071 s'

118 1112 184 1166 quos
201 1090 248 1149 abi
264 1091 457 1165 adspexerint,
477 1093 623 1150 redituram
638 1093 669 1149 in
685 1094 801 1152 animos·

110 1172 307 1249 fhrrnidinem
321 1173 420 1251 fugam
430 1216 441 1241 ,
455 1172 626 1249 famemque,
645 1194 677 1230 ac
694 1175 795 1233 totiens

118 1254 206 1327 captis
224 1256 378 1327 precariam
397 1255 485 1312 uitam
508 1274 618 1328 :neque
645 1252 803 1324 Treueros,·

117 1352 166 1391 aut
180 1333 318 1413 Lingonas
327 1333 513 1394 benevolentia
525 1332 679 1391 contineri.-
693 1346 801 1393 rerum-'-

113 1433 212 1488 pturos
223 1436 320 1486 arnan,
333 1414 379 1473 ubi
390 1433 475 1473 metus
488 1413 656 1473 abscesserit.
671 1414 795 1474 Diremit

49 1540 53 1549 .
116 1495 301 1555 consiliorum
323 1494 531 1565 diversitatem,
553 1516 570 1553 a
590 1494 708 1574 probati
734 1494 803 1554 Tu-·

118 1578 187 1635 toris
205 1575 363 1648 sententia,
382 1574 544 1648 Classicus,
566 1515 716 1658 deumque
738 1597 793 1636 ex-

116 1678 277 1738 sequuntur.

159 1738 312 1799 LXXVII.
334 1738 435 1800 Media
455 1741 528 1799 acies
547 1738 633 1800 Ubiis
651 1735 796 1821 Lingoni-

118 1816 227 1902 Busque
248 1820 314 1882 data
336 1820 460 1880 :dextro
483 1842 570 1880 cornu
589 1817 718 1879 cohortes
741 1820 800 1881 Ba·

119 1918 274 1973 tavorum3
296 1900 405 1963 sinistro
431 1903 555 1962 Brudteri
574 1901 761 1981 Tenderique
783 1926 793 1960 z

118 2002 181 2061 pars
209 1983 372 2054 montibus3
396 1983 469 2053 aiii,
490 1985 568 2044 uiam
591 1984 662 2041 inter
679 1983 793 2042 Mosel-

119 2063 233 2145 lamque
251 2067 374 2136 flumen,
394 2084 453 2124 tam
476 2066 623 2144 improvisi
642 2062 796 2138 adsiluere,

118 2164 148 2204 ut
167 2147 198 2204 in
218 2145 348 2204 cubiculo
364 2167 397 2206 ac
415 2147 518 2206 lectulo
536 2145 657 2206 Cerialis
676 2149 795 2226 (neque

77 2229 82 2234 ’
119 2227 197 2284 enirn
221 2229 335 2286 nostem
357 2228 387 2286 in
412 2225 504 2286 castris
527 2233 648 2309 egerat>
675 2229 811 2308 pugnari

120 2307 226 2379 simul,
247 2309 379 2388 vincique
401 2329 465 2368 suos
485 2307 624 2379 audierit,
650 2309 796 2386 increpans

119 2407 253 2468 pavorem
288 2391 505 2460 nunciantium,
541 2389 631 2449 donec
667 2389 800 2449 universa·

120 2469 214 2528 clades
237 2471 267 2528 in
286 2471 374 2530 oculis
396 2469 460 2530 fuir.
486 2470 620 2548 Perrupta
646 2468 794 2550 legionum

119 2547 226 2620 castra,
241 2549 296 2610 fusi
304 2554 426 2632 equites:
440 2550 548 2610 medius
562 2550 690 2610 Mosellae
700 2570 794 2688 gons,

119 2632 169 2710 qui
187 2631 318 2692 ulteriora
338 2633 456 2692 coloniae
478 2633 620 2702 annediit,
639 2631 676 2690 ab
717 2631 794 2691 ‘osti-

120 2709 172 2770 bus
198 2713 335 2773 insessus:
348 2713 486 2785 Cerialis,
513 2713 630 2773 turbidis
650 2712 730 2773 rebus
752 2716 796 2776 in-

120 2792 239 2872 trepidus
251 2808 266 2864 ,'
291 2803 317 2854 &
345 2794 483 2880 fugientes
515 2817 604 2855 manu
628 2793 792 2881 retrahens,
