2100 3650
224 334 290 423 348
346 330 384 399 C.
413 330 563 401 Coun.
593 332 796 401 Trcrrr

221 470 391 534 coeptantem
415 449 545 513 Cestium
571 450 712 522 Gallum,
737 452 825 533 Syriae
853 451 901 511 le-‘

222 554 341 619 garum,
363 535 440 593 varia
461 533 579 613 proelia,
605 555 637 594 ac
659 535 756 613 saepius
783 534 903 595 adversa

222 634 360 696 excepere.
382 614 441 691 Qui
466 614 515 673 ubi
540 615 620 685 fato,
640 634 689 674 ant
713 615 798 677 taedio
820 617 904 675 occi-

223 697 284 766 dit3
306 698 391 755 missu
410 695 553 765 Neronis,
573 697 763 775 Vespasianus
783 694 903 756 fortuni

223 775 376 857 famique,
394 785 422 838 ὃ(
439 778 560 860 egregiis
578 776 729 847 ministris,
742 778 815 837 intra
829 778 902 837 duas

221 856 347 927 estates,
373 862 473 919 cuneta
503 879 668 937 camporum
682 904 695 929 ,
720 879 877 939 omnesque
890 903 905 929 ,

222 959 318 1020 praeter
334 937 557 1019 Hierosolyma,
576 939 676 1010 nrbes,
697 941 805 1000 viliore
826 960 905 999 exer·

223 1022 281 1079 citu
298 1020 418 1079 tenebat.
444 1022 591 1082 Proximus
616 1042 705 1082 annus
725 1022 803 1079 ciuili
823 1021 902 1081 bello

220 1103 364 1172 intentus,
382 1121 519 1181 quantum
538 1100 577 1161 ad
597 1103 725 1172 Judaens,
747 1122 795 1181 per
807 1104 903 1163 otium

222 1184 339 1243 transiit.
350 1183 423 1243 Pace
434 1204 481 1263 per
494 1184 609 1243 Italiam
626 1182 723 1265 parti,
739 1192 766 1242 tc
779 1204 902 1245 externae

222 1285 293 1324 curae
322 1262 435 1323 rediere.
469 1264 602 1346 Augebat
633 1266 709 1335 iras,
737 1263 819 1344 quod
847 1265 902 1325 soli

222 1344 313 1407 Judaei
332 1367 391 1404 non
412 1348 564 1405 cessissent.
580 1346 672 1407 Simul
691 1365 805 1405 manere
826 1344 903 1425 apud

222 1428 357 1485 exercitus
385 1425 513 1498 Titum,
538 1426 576 1486 ad
600 1448 699 1487 omnes
729 1426 902 1507 principattis

222 1508 292 1569 novi
322 1525 436 1567 eventus
471 1528 584 1569 casusve
617 1509 712 1582 utilius
740 1508 900 1569 videbatur.

222 1587 314 1669 Igitur
335 1586 446 1659 castris,
474 1591 515 1648 uti
543 1590 684 1659 diximus,
705 1608 770 1649 ante
792 1593 900 1651 moenia

221 1668 488 1749 Hierosolymorum
508 1672 628 1751 positis,
643 1668 789 1731 instructas
808 1672 902 1756 legio-

222 1773 272 1811 nes
295 1749 452 1812 ostentavit.

263 1833 328 1895 XI.
358 1832 447 1894 Judaei
475 1833 527 1892 sub
555 1835 631 1914 ipsos
659 1855 756 1896 muros
779 1832 900 1896 {huxere

222 1917 336 1986 aciem,
353 1913 436 1974 rebus
456 1915 583 1975 secundis
601 1915 715 1999 longirls
736 1919 850 1988 ausuri,
873 1927 901 1978 δε

224 1997 248 2055 si
268 1996 449 2076 pellerentur,
469 2015 568 2075 parato
587 1997 665 2075 perfir
687 1999 726 2057 io.
748 1999 854 2058 Missus
869 2001 900 2060 in

224 2097 272 2136 eos
293 2095 377 2157 eques
396 2097 460 2136 cum
480 2076 615 2156 expeditis
631 2018 815 2150 colonibus,
836 2101 901 2139 am-

221 2156 310 2238 bigue
324 2160 447 2228 cenavit,
466 2157 541 2218 Mox
560 2179 662 2218 cessere
683 2157 791 2231 hostes,
810 2169 839 2221 &
856 2183 901 2221 se-

222 2239 371 2318 quentibus
393 2237 491 2298 diebus
514 2239 608 2299 crebra
626 2261 676 2320 pro
696 2243 783 2320 portis
800 2242 900 2322 proelia

222 2319 371 2388 serebant3
400 2319 489 2378 donec
517 2321 634 2381 assiduis
661 2321 793 2393 damnis,
826 2325 900 2384 intra

141 2471 148 2487 x
222 2403 330 2462 moenia
351 2400 524 2480 pellerentur.
538 2402 665 2462 Romani
679 2402 717 2463 ad
729 2425 900 2487 oppugnan-

223 2481 291 2541 dum
319 2485 389 2542 versi
412 2505 419 2540 r
450 2503 540 2565 neque
566 2486 642 2543 enirn
672 2484 794 2565 dignum
819 2485 901 2546 vide-

222 2562 325 2634 batur,
349 2563 456 2624 famem
477 2561 603 2624 hostium
624 2567 746 2646 opperiri
772 2589 779 2623 :
801 2587 901 2644 posce-

221 2641 346 2723 bantque
368 2647 509 2724 pericula,
531 2667 593 2726 pars
613 2648 731 2717 virtute,
750 2648 833 2706 multi
849 2647 897 2706 fe-

222 2722 319 2794 iocis,
342 2727 519 2805 &cupidine
542 2729 729 2806 praemiorum.
747 2724 804 2807 lpsi
826 2727 898 2788 Tito

222 2803 317 2868 Roma
324 2849 334 2880 ,
349 2814 376 2868 δι
386 2827 472 2890 opes,
482 2808 695 2894 uoluptatesque
707 2810 898 2885 anteoculos3
