<?xml version="1.0" encoding="UTF-8"?>
<!DOCTYPE html PUBLIC "-//W3C//DTD XHTML 1.0 Transitional//EN"
    "http://www.w3.org/TR/xhtml1/DTD/xhtml1-transitional.dtd">
<html xmlns="http://www.w3.org/1999/xhtml" xml:lang="en" lang="en">
 <head>
  <title>
</title>
<meta http-equiv="Content-Type" content="text/html;charset=utf-8" />
  <meta name='ocr-system' content='tesseract 3.04.00' />
  <meta name='ocr-capabilities' content='ocr_page ocr_carea ocr_par ocr_line ocrx_word'/>
</head>
<body>
  <div class='ocr_page' id='page_1' title='image "./ccorneliitaciti00lallgoog_0037.png"; bbox 0 0 2100 3650; ppageno 0'>
   <div class='ocr_carea' id='block_1_1' title="bbox 216 267 785 385">
    <p class='ocr_par' dir='ltr' id='par_1_1' title="bbox 216 267 785 385">
     <span class='ocr_line' id='line_1_1' title="bbox 216 267 785 385; baseline 0 -19"><span class='ocrx_word' id='word_1_1' title='bbox 216 267 529 366; x_wconf 67' lang='lat' dir='ltr'>Hrsrosranusr</span> <span class='ocrx_word' id='word_1_2' title='bbox 542 295 626 366; x_wconf 78' lang='lat' dir='ltr'>lm.</span> <span class='ocrx_word' id='word_1_3' title='bbox 642 296 674 364; x_wconf 82' lang='grc' dir='ltr'>Ι.</span> <span class='ocrx_word' id='word_1_4' title='bbox 737 302 785 385; x_wconf 70' lang='lat'>2¹7</span> 
     </span>
    </p>
   </div>
   <div class='ocr_carea' id='block_1_2' title="bbox 108 413 789 1468">
    <p class='ocr_par' dir='ltr' id='par_1_2' title="bbox 108 413 789 1468">
     <span class='ocr_line' id='line_1_2' title="bbox 109 413 789 487; baseline -0.001 -8"><span class='ocrx_word' id='word_1_5' title='bbox 109 415 215 487; x_wconf 79' lang='lat' dir='ltr'>castra,</span> <span class='ocrx_word' id='word_1_6' title='bbox 238 437 289 476; x_wconf 87' lang='lat' dir='ltr'>nec</span> <span class='ocrx_word' id='word_1_7' title='bbox 307 413 420 475; x_wconf 78' lang='lat' dir='ltr'>facilem</span> <span class='ocrx_word' id='word_1_8' title='bbox 439 416 510 475; x_wconf 89' lang='lat' dir='ltr'>inter</span> <span class='ocrx_word' id='word_1_9' title='bbox 530 416 700 476; x_wconf 86' lang='lat' dir='ltr'>temulentos</span> <span class='ocrx_word' id='word_1_10' title='bbox 719 437 789 478; x_wconf 88' lang='lat' dir='ltr'>con·</span> 
     </span>
     <span class='ocr_line' id='line_1_3' title="bbox 109 495 787 578; baseline -0.006 -18"><span class='ocrx_word' id='word_1_11' title='bbox 109 498 243 570; x_wconf 82' lang='lat' dir='ltr'>sensum,</span> <span class='ocrx_word' id='word_1_12' title='bbox 266 499 424 557; x_wconf 84' lang='lat' dir='ltr'>timuissent</span> <span class='ocrx_word' id='word_1_13' title='bbox 448 518 538 556; x_wconf 85' lang='lat' dir='ltr'>:non</span> <span class='ocrx_word' id='word_1_14' title='bbox 562 497 669 578; x_wconf 86' lang='lat' dir='ltr'>reipub.</span> <span class='ocrx_word' id='word_1_15' title='bbox 696 495 787 569; x_wconf 65' lang='lat' dir='ltr'>curi,</span> 
     </span>
     <span class='ocr_line' id='line_1_4' title="bbox 109 575 788 663; baseline -0.004 -23"><span class='ocrx_word' id='word_1_16' title='bbox 109 601 197 663; x_wconf 88' lang='lat' dir='ltr'>quam</span> <span class='ocrx_word' id='word_1_17' title='bbox 218 578 324 638; x_wconf 86' lang='lat' dir='ltr'>foedare</span> <span class='ocrx_word' id='word_1_18' title='bbox 341 579 472 658; x_wconf 85' lang='lat' dir='ltr'>principis</span> <span class='ocrx_word' id='word_1_19' title='bbox 492 576 536 637; x_wconf 85' lang='lat' dir='ltr'>sui</span> <span class='ocrx_word' id='word_1_20' title='bbox 553 575 687 662; x_wconf 80' lang='lat' dir='ltr'>sanguine</span> <span class='ocrx_word' id='word_1_21' title='bbox 700 576 788 637; x_wconf 84' lang='lat' dir='ltr'>sobrii</span> 
     </span>
     <span class='ocr_line' id='line_1_5' title="bbox 108 657 784 744; baseline -0.001 -23"><span class='ocrx_word' id='word_1_22' title='bbox 108 663 270 744; x_wconf 84' lang='lat' dir='ltr'>parabant,</span> <span class='ocrx_word' id='word_1_23' title='bbox 293 657 394 718; x_wconf 88' lang='lat' dir='ltr'>sedne</span> <span class='ocrx_word' id='word_1_24' title='bbox 412 679 458 739; x_wconf 88' lang='lat' dir='ltr'>per</span> <span class='ocrx_word' id='word_1_25' title='bbox 478 660 627 733; x_wconf 75' lang='lat' dir='ltr'>tenebras,</span> <span class='ocrx_word' id='word_1_26' title='bbox 649 679 680 719; x_wconf 90' lang='lat' dir='ltr'>ut</span> <span class='ocrx_word' id='word_1_27' title='bbox 702 661 784 742; x_wconf 87' lang='lat' dir='ltr'>quis-</span> 
     </span>
     <span class='ocr_line' id='line_1_6' title="bbox 108 739 789 823; baseline 0.001 -22"><span class='ocrx_word' id='word_1_28' title='bbox 108 764 166 823; x_wconf 87' lang='lat' dir='ltr'>que</span> <span class='ocrx_word' id='word_1_29' title='bbox 186 741 365 811; x_wconf 86' lang='lat' dir='ltr'><strong>Pannonici,</strong></span> <span class='ocrx_word' id='word_1_30' title='bbox 392 739 438 798; x_wconf 89' lang='lat' dir='ltr'>vel</span> <span class='ocrx_word' id='word_1_31' title='bbox 461 739 625 801; x_wconf 80' lang='lat' dir='ltr'>Germanici</span> <span class='ocrx_word' id='word_1_32' title='bbox 653 739 789 802; x_wconf 73' lang='lat' dir='ltr'>exercitiis</span> 
     </span>
     <span class='ocr_line' id='line_1_7' title="bbox 110 815 787 902; baseline -0.003 -20"><span class='ocrx_word' id='word_1_33' title='bbox 110 823 250 882; x_wconf 87' lang='lat' dir='ltr'>militibus</span> <span class='ocrx_word' id='word_1_34' title='bbox 271 821 382 880; x_wconf 86' lang='lat' dir='ltr'>oblatus</span> <span class='ocrx_word' id='word_1_35' title='bbox 403 815 487 892; x_wconf 81' lang='lat' dir='ltr'>effer,</span> <span class='ocrx_word' id='word_1_36' title='bbox 507 823 517 878; x_wconf 91' lang='lat' dir='ltr'>i</span> <span class='ocrx_word' id='word_1_37' title='bbox 539 823 701 881; x_wconf 88' lang='lat' dir='ltr'>notantibus</span> <span class='ocrx_word' id='word_1_38' title='bbox 725 827 787 902; x_wconf 82' lang='lat' dir='ltr'>ple·</span> 
     </span>
     <span class='ocr_line' id='line_1_8' title="bbox 110 841 788 985; baseline 0.001 -22"><span class='ocrx_word' id='word_1_39' title='bbox 110 901 229 985; x_wconf 89' lang='lat' dir='ltr'>risque,</span> <span class='ocrx_word' id='word_1_40' title='bbox 258 924 308 982; x_wconf 82' lang='lat' dir='ltr'>pro</span> <span class='ocrx_word' id='word_1_41' title='bbox 337 899 454 961; x_wconf 87' lang='lat' dir='ltr'>Othone</span> <span class='ocrx_word' id='word_1_42' title='bbox 483 841 669 964; x_wconf 60' lang='lat' dir='ltr'>dehinarerur.</span> <span class='ocrx_word' id='word_1_43' title='bbox 691 903 788 965; x_wconf 82' lang='lat' dir='ltr'>Multa</span> 
     </span>
     <span class='ocr_line' id='line_1_9' title="bbox 111 980 788 1064; baseline 0.003 -20"><span class='ocrx_word' id='word_1_44' title='bbox 111 985 283 1064; x_wconf 81' lang='lat' dir='ltr'>erumpentis</span> <span class='ocrx_word' id='word_1_45' title='bbox 303 980 447 1042; x_wconf 87' lang='lat' dir='ltr'>seditionis</span> <span class='ocrx_word' id='word_1_46' title='bbox 468 983 573 1042; x_wconf 87' lang='lat' dir='ltr'>indicia</span> <span class='ocrx_word' id='word_1_47' title='bbox 595 1005 643 1064; x_wconf 84' lang='lat' dir='ltr'>per</span> <span class='ocrx_word' id='word_1_48' title='bbox 659 981 788 1046; x_wconf 82' lang='lat' dir='ltr'>conscios</span> 
     </span>
     <span class='ocr_line' id='line_1_10' title="bbox 112 1063 789 1146; baseline 0.001 -22"><span class='ocrx_word' id='word_1_49' title='bbox 112 1085 243 1145; x_wconf 83' lang='lat' dir='ltr'>oppressa</span> <span class='ocrx_word' id='word_1_50' title='bbox 259 1087 265 1122; x_wconf 74' lang='grc' dir='ltr'><strong>ι</strong></span> <span class='ocrx_word' id='word_1_51' title='bbox 282 1065 409 1145; x_wconf 71' lang='lat' dir='ltr'>quadum</span> <span class='ocrx_word' id='word_1_52' title='bbox 421 1064 495 1144; x_wconf 86' lang='lat' dir='ltr'>apud</span> <span class='ocrx_word' id='word_1_53' title='bbox 513 1063 615 1126; x_wconf 79' lang='lat' dir='ltr'>Galbae</span> <span class='ocrx_word' id='word_1_54' title='bbox 626 1085 704 1124; x_wconf 84' lang='lat' dir='ltr'>aures</span> <span class='ocrx_word' id='word_1_55' title='bbox 718 1087 789 1146; x_wconf 71' lang='lat' dir='ltr'>pt:-</span> 
     </span>
     <span class='ocr_line' id='line_1_11' title="bbox 112 1144 789 1228; baseline 0.001 -22"><span class='ocrx_word' id='word_1_56' title='bbox 112 1144 202 1206; x_wconf 71' lang='lat' dir='ltr'>fedius</span> <span class='ocrx_word' id='word_1_57' title='bbox 217 1146 295 1205; x_wconf 85' lang='lat' dir='ltr'>Laco</span> <span class='ocrx_word' id='word_1_58' title='bbox 310 1147 407 1217; x_wconf 89' lang='lat' dir='ltr'>elusit,</span> <span class='ocrx_word' id='word_1_59' title='bbox 423 1146 535 1228; x_wconf 84' lang='lat' dir='ltr'>ignarus</span> <span class='ocrx_word' id='word_1_60' title='bbox 550 1146 715 1206; x_wconf 87' lang='lat' dir='ltr'>militarium</span> <span class='ocrx_word' id='word_1_61' title='bbox 724 1147 789 1207; x_wconf 88' lang='lat' dir='ltr'>ani·</span> 
     </span>
     <span class='ocr_line' id='line_1_12' title="bbox 112 1227 789 1310; baseline 0.001 -24"><span class='ocrx_word' id='word_1_62' title='bbox 112 1246 249 1297; x_wconf 88' lang='lat' dir='ltr'>morum,</span> <span class='ocrx_word' id='word_1_63' title='bbox 279 1227 387 1286; x_wconf 87' lang='lat' dir='ltr'>consilii</span> <span class='ocrx_word' id='word_1_64' title='bbox 410 1247 465 1297; x_wconf 87' lang='lat' dir='ltr'>ue,</span> <span class='ocrx_word' id='word_1_65' title='bbox 491 1229 622 1309; x_wconf 85' lang='lat' dir='ltr'>quamvis</span> <span class='ocrx_word' id='word_1_66' title='bbox 651 1229 789 1310; x_wconf 80' lang='lat' dir='ltr'>egregii,</span> 
     </span>
     <span class='ocr_line' id='line_1_13' title="bbox 113 1249 789 1389; baseline 0.003 -21"><span class='ocrx_word' id='word_1_67' title='bbox 113 1307 192 1389; x_wconf 89' lang='lat' dir='ltr'>quod</span> <span class='ocrx_word' id='word_1_68' title='bbox 210 1329 271 1368; x_wconf 89' lang='lat' dir='ltr'>non</span> <span class='ocrx_word' id='word_1_69' title='bbox 292 1305 350 1387; x_wconf 89' lang='lat' dir='ltr'>ipse</span> <span class='ocrx_word' id='word_1_70' title='bbox 370 1249 500 1378; x_wconf 70' lang='lat' dir='ltr'>adesset,</span> <span class='ocrx_word' id='word_1_71' title='bbox 519 1308 667 1380; x_wconf 88' lang='lat' dir='ltr'>inimicus,</span> <span class='ocrx_word' id='word_1_72' title='bbox 688 1316 715 1368; x_wconf 77' lang='lat' dir='ltr'>dt</span> <span class='ocrx_word' id='word_1_73' title='bbox 735 1307 789 1370; x_wconf 82' lang='lat' dir='ltr'>ad·</span> 
     </span>
     <span class='ocr_line' id='line_1_14' title="bbox 112 1388 490 1468; baseline -0.005 -19"><span class='ocrx_word' id='word_1_74' title='bbox 112 1388 207 1450; x_wconf 85' lang='lat' dir='ltr'>versus</span> <span class='ocrx_word' id='word_1_75' title='bbox 229 1389 331 1468; x_wconf 86' lang='lat' dir='ltr'>peritos</span> <span class='ocrx_word' id='word_1_76' title='bbox 352 1390 490 1467; x_wconf 85' lang='lat' dir='ltr'>pervicax.</span> 
     </span>
    </p>
   </div>
   <div class='ocr_carea' id='block_1_3' title="bbox 153 1469 790 1532">
    <p class='ocr_par' dir='ltr' id='par_1_3' title="bbox 153 1469 790 1532">
     <span class='ocr_line' id='line_1_15' title="bbox 153 1469 790 1532; baseline 0.003 -2"><span class='ocrx_word' id='word_1_77' title='bbox 153 1469 284 1530; x_wconf 86' lang='lat' dir='ltr'>XXVII.</span> <span class='ocrx_word' id='word_1_78' title='bbox 309 1469 546 1528; x_wconf 67' lang='lat' dir='ltr'>octavodecimo</span> <span class='ocrx_word' id='word_1_79' title='bbox 564 1469 684 1530; x_wconf 86' lang='lat' dir='ltr'>Kalend.</span> <span class='ocrx_word' id='word_1_80' title='bbox 705 1469 790 1532; x_wconf 85' lang='lat' dir='ltr'>Febr.</span> 
     </span>
    </p>
   </div>
   <div class='ocr_carea' id='block_1_4' title="bbox 115 1547 793 1806">
    <p class='ocr_par' dir='ltr' id='par_1_4' title="bbox 115 1547 793 1806">
     <span class='ocr_line' id='line_1_16' title="bbox 115 1547 793 1630; baseline 0.001 -20"><span class='ocrx_word' id='word_1_81' title='bbox 115 1547 286 1610; x_wconf 81' lang='lat' dir='ltr'>sacrificanti</span> <span class='ocrx_word' id='word_1_82' title='bbox 298 1571 347 1630; x_wconf 88' lang='lat' dir='ltr'>pro</span> <span class='ocrx_word' id='word_1_83' title='bbox 366 1550 422 1609; x_wconf 82' lang='lat' dir='ltr'>aede</span> <span class='ocrx_word' id='word_1_84' title='bbox 440 1551 583 1628; x_wconf 83' lang='lat' dir='ltr'>Apollinis</span> <span class='ocrx_word' id='word_1_85' title='bbox 601 1551 721 1624; x_wconf 69' lang='lat' dir='ltr'>Galba,</span> <span class='ocrx_word' id='word_1_86' title='bbox 742 1550 793 1611; x_wconf 83' lang='lat' dir='ltr'>ha·</span> 
     </span>
     <span class='ocr_line' id='line_1_17' title="bbox 115 1629 792 1714; baseline 0.004 -24"><span class='ocrx_word' id='word_1_87' title='bbox 115 1631 216 1712; x_wconf 84' lang='lat' dir='ltr'>ruspex</span> <span class='ocrx_word' id='word_1_88' title='bbox 226 1633 390 1692; x_wconf 90' lang='lat' dir='ltr'>Umbricius</span> <span class='ocrx_word' id='word_1_89' title='bbox 404 1633 491 1711; x_wconf 77' lang='lat' dir='ltr'>tristia</span> <span class='ocrx_word' id='word_1_90' title='bbox 510 1651 596 1704; x_wconf 84' lang='lat' dir='ltr'>exta,</span> <span class='ocrx_word' id='word_1_91' title='bbox 615 1629 641 1692; x_wconf 66' lang='grc' dir='ltr'><strong><em>ἃ</em></strong></span> <span class='ocrx_word' id='word_1_92' title='bbox 660 1633 792 1714; x_wconf 74' lang='lat' dir='ltr'>inflantes</span> 
     </span>
     <span class='ocr_line' id='line_1_18' title="bbox 116 1712 793 1806; baseline 0.004 -36"><span class='ocrx_word' id='word_1_93' title='bbox 116 1715 240 1772; x_wconf 83' lang='lat' dir='ltr'>insidias</span> <span class='ocrx_word' id='word_1_94' title='bbox 252 1731 267 1783; x_wconf 59' lang='lat'>¹,</span> <span class='ocrx_word' id='word_1_95' title='bbox 287 1735 318 1771; x_wconf 81' lang='lat' dir='ltr'>ac</span> <span class='ocrx_word' id='word_1_96' title='bbox 344 1714 509 1792; x_wconf 72' lang='lat' dir='ltr'>domesticum</span> <span class='ocrx_word' id='word_1_97' title='bbox 529 1712 627 1806; x_wconf 63' lang='lat' dir='ltr'>bostem</span> <span class='ocrx_word' id='word_1_98' title='bbox 639 1713 793 1794; x_wconf 80' lang='lat' dir='ltr'>praedicit:</span> 
     </span>
    </p>
   </div>
   <div class='ocr_carea' id='block_1_5' title="bbox 34 1790 795 2927">
    <p class='ocr_par' dir='ltr' id='par_1_5' title="bbox 115 1790 795 2283">
     <span class='ocr_line' id='line_1_19' title="bbox 115 1790 795 1873; baseline 0.001 -19"><span class='ocrx_word' id='word_1_99' title='bbox 115 1793 248 1854; x_wconf 79' lang='lat' dir='ltr'>audiente</span> <span class='ocrx_word' id='word_1_100' title='bbox 269 1790 386 1853; x_wconf 93' lang='lat' dir='ltr'>Othone</span> <span class='ocrx_word' id='word_1_101' title='bbox 406 1798 497 1867; x_wconf 82' lang='lat' dir='ltr'>(nam</span> <span class='ocrx_word' id='word_1_102' title='bbox 520 1813 663 1873; x_wconf 76' lang='lat' dir='ltr'>proximus</span> <span class='ocrx_word' id='word_1_103' title='bbox 683 1794 795 1855; x_wconf 85' lang='lat' dir='ltr'>adstite-</span> 
     </span>
     <span class='ocr_line' id='line_1_20' title="bbox 115 1874 794 1956; baseline 0.003 -21"><span class='ocrx_word' id='word_1_104' title='bbox 115 1884 187 1951; x_wconf 84' lang='lat' dir='ltr'>rat)</span> <span class='ocrx_word' id='word_1_105' title='bbox 206 1874 307 1956; x_wconf 53' lang='lat' dir='ltr'>idqueg</span> <span class='ocrx_word' id='word_1_106' title='bbox 325 1895 356 1934; x_wconf 90' lang='lat' dir='ltr'>ut</span> <span class='ocrx_word' id='word_1_107' title='bbox 372 1874 466 1934; x_wconf 85' lang='lat' dir='ltr'>laetum</span> <span class='ocrx_word' id='word_1_108' title='bbox 486 1894 500 1932; x_wconf 88' lang='lat' dir='ltr'>e</span> <span class='ocrx_word' id='word_1_109' title='bbox 520 1877 682 1946; x_wconf 85' lang='lat' dir='ltr'>contrario,</span> <span class='ocrx_word' id='word_1_110' title='bbox 696 1884 723 1936; x_wconf 88' lang='lat'>&amp;</span> <span class='ocrx_word' id='word_1_111' title='bbox 737 1874 794 1937; x_wconf 80' lang='lat' dir='ltr'>suis</span> 
     </span>
     <span class='ocr_line' id='line_1_21' title="bbox 116 1956 793 2039; baseline 0.004 -24"><span class='ocrx_word' id='word_1_112' title='bbox 116 1958 340 2039; x_wconf 76' lang='lat' dir='ltr'>cogitationibus</span> <span class='ocrx_word' id='word_1_113' title='bbox 373 1956 558 2037; x_wconf 88' lang='lat' dir='ltr'>prosperum,</span> <span class='ocrx_word' id='word_1_114' title='bbox 586 1958 643 2015; x_wconf 86' lang='lat' dir='ltr'>inte</span> <span class='ocrx_word' id='word_1_115' title='bbox 675 1976 793 2020; x_wconf 85' lang='lat' dir='ltr'>retante.</span> 
     </span>
     <span class='ocr_line' id='line_1_22' title="bbox 117 1977 795 2117; baseline 0.001 -19"><span class='ocrx_word' id='word_1_116' title='bbox 117 2037 181 2098; x_wconf 89' lang='lat' dir='ltr'>Nec</span> <span class='ocrx_word' id='word_1_117' title='bbox 203 2034 296 2097; x_wconf 85' lang='lat' dir='ltr'>multb</span> <span class='ocrx_word' id='word_1_118' title='bbox 317 2035 377 2117; x_wconf 83' lang='lat' dir='ltr'>pbst</span> <span class='ocrx_word' id='word_1_119' title='bbox 397 2038 509 2096; x_wconf 87' lang='lat' dir='ltr'>libertus</span> <span class='ocrx_word' id='word_1_120' title='bbox 530 1977 703 2098; x_wconf 65' lang='lat' dir='ltr'>Onomsiius</span> <span class='ocrx_word' id='word_1_121' title='bbox 724 2060 795 2099; x_wconf 91' lang='lat' dir='ltr'>nun-</span> 
     </span>
     <span class='ocr_line' id='line_1_23' title="bbox 118 2116 793 2193; baseline 0.004 -16"><span class='ocrx_word' id='word_1_122' title='bbox 118 2121 198 2189; x_wconf 83' lang='lat' dir='ltr'>ciat,</span> <span class='ocrx_word' id='word_1_123' title='bbox 221 2120 371 2193; x_wconf 70' lang='lat' dir='ltr'>exspedlari</span> <span class='ocrx_word' id='word_1_124' title='bbox 388 2141 447 2177; x_wconf 82' lang='lat' dir='ltr'>eum</span> <span class='ocrx_word' id='word_1_125' title='bbox 469 2118 503 2176; x_wconf 84' lang='lat' dir='ltr'>ab</span> <span class='ocrx_word' id='word_1_126' title='bbox 524 2119 687 2189; x_wconf 61' lang='lat' dir='ltr'>architem,</span> <span class='ocrx_word' id='word_1_127' title='bbox 706 2116 733 2180; x_wconf 69' lang='grc' dir='ltr'><strong>ἃ</strong></span> <span class='ocrx_word' id='word_1_128' title='bbox 751 2144 793 2180; x_wconf 84' lang='lat' dir='ltr'>re·</span> 
     </span>
     <span class='ocr_line' id='line_1_24' title="bbox 116 2196 794 2283; baseline 0.001 -24"><span class='ocrx_word' id='word_1_129' title='bbox 116 2200 300 2274; x_wconf 81' lang='lat' dir='ltr'>dempton&#39;bus</span> <span class='ocrx_word' id='word_1_130' title='bbox 322 2224 332 2257; x_wconf 87' lang='lat'>.·</span> <span class='ocrx_word' id='word_1_131' title='bbox 352 2220 412 2279; x_wconf 82' lang='lat' dir='ltr'>quae</span> <span class='ocrx_word' id='word_1_132' title='bbox 435 2196 605 2283; x_wconf 84' lang='lat' dir='ltr'>significatio</span> <span class='ocrx_word' id='word_1_133' title='bbox 631 2204 794 2261; x_wconf 84' lang='lat' dir='ltr'>coeuntium</span> 
     </span>
    </p>

    <p class='ocr_par' dir='ltr' id='par_1_6' title="bbox 34 2280 795 2849">
     <span class='ocr_line' id='line_1_25' title="bbox 118 2280 795 2361; baseline 0.003 -22"><span class='ocrx_word' id='word_1_134' title='bbox 118 2282 178 2357; x_wconf 84' lang='lat' dir='ltr'>jam</span> <span class='ocrx_word' id='word_1_135' title='bbox 194 2280 335 2350; x_wconf 87' lang='lat' dir='ltr'>militum,</span> <span class='ocrx_word' id='word_1_136' title='bbox 355 2289 383 2341; x_wconf 86' lang='lat'>&amp;</span> <span class='ocrx_word' id='word_1_137' title='bbox 402 2300 501 2361; x_wconf 79' lang='lat' dir='ltr'>paratae</span> <span class='ocrx_word' id='word_1_138' title='bbox 518 2282 716 2359; x_wconf 86' lang='lat' dir='ltr'>conjurationis</span> <span class='ocrx_word' id='word_1_139' title='bbox 727 2282 795 2341; x_wconf 88' lang='lat' dir='ltr'>cori·</span> 
     </span>
     <span class='ocr_line' id='line_1_26' title="bbox 34 2358 793 2443; baseline -0.001 -20"><span class='ocrx_word' id='word_1_140' title='bbox 34 2358 35 2361; x_wconf 8' lang='grc' dir='ltr'><strong>Ἴ</strong></span> <span class='ocrx_word' id='word_1_141' title='bbox 119 2380 242 2423; x_wconf 82' lang='lat' dir='ltr'>venerat.</span> <span class='ocrx_word' id='word_1_142' title='bbox 271 2358 374 2432; x_wconf 90' lang='lat' dir='ltr'>Otho,</span> <span class='ocrx_word' id='word_1_143' title='bbox 398 2383 507 2421; x_wconf 80' lang='lat' dir='ltr'>causum</span> <span class='ocrx_word' id='word_1_144' title='bbox 533 2363 670 2441; x_wconf 58' lang='lat' dir='ltr'>digressis</span> <span class='ocrx_word' id='word_1_145' title='bbox 694 2365 793 2443; x_wconf 88' lang='lat' dir='ltr'>requi-</span> 
     </span>
     <span class='ocr_line' id='line_1_27' title="bbox 118 2441 795 2524; baseline 0.004 -23"><span class='ocrx_word' id='word_1_146' title='bbox 118 2441 247 2501; x_wconf 80' lang='lat' dir='ltr'>rentibus</span> <span class='ocrx_word' id='word_1_147' title='bbox 261 2487 270 2513; x_wconf 91' lang='lat'>,</span> <span class='ocrx_word' id='word_1_148' title='bbox 290 2462 396 2522; x_wconf 89' lang='lat' dir='ltr'>quum,</span> <span class='ocrx_word' id='word_1_149' title='bbox 409 2445 462 2500; x_wconf 81' lang='lat' dir='ltr'>emi</span> <span class='ocrx_word' id='word_1_150' title='bbox 470 2442 528 2499; x_wconf 79' lang='lat' dir='ltr'>sibi</span> <span class='ocrx_word' id='word_1_151' title='bbox 536 2444 654 2517; x_wconf 69' lang='lat' dir='ltr'>pradia,</span> <span class='ocrx_word' id='word_1_152' title='bbox 666 2445 795 2524; x_wconf 78' lang='lat' dir='ltr'>vetustate</span> 
     </span>
     <span class='ocr_line' id='line_1_28' title="bbox 118 2521 795 2599; baseline 0 -16"><span class='ocrx_word' id='word_1_153' title='bbox 118 2527 263 2597; x_wconf 69' lang='lat' dir='ltr'>stupella,</span> <span class='ocrx_word' id='word_1_154' title='bbox 278 2544 356 2599; x_wconf 82' lang='lat' dir='ltr'>eoque</span> <span class='ocrx_word' id='word_1_155' title='bbox 371 2522 451 2597; x_wconf 76' lang='lat' dir='ltr'>priris</span> <span class='ocrx_word' id='word_1_156' title='bbox 470 2524 634 2597; x_wconf 76' lang='lat' dir='ltr'>exploranda</span> <span class='ocrx_word' id='word_1_157' title='bbox 655 2521 795 2596; x_wconf 85' lang='lat' dir='ltr'>finxisset,</span> 
     </span>
     <span class='ocr_line' id='line_1_29' title="bbox 120 2602 794 2682; baseline 0.004 -21"><span class='ocrx_word' id='word_1_158' title='bbox 120 2604 235 2663; x_wconf 81' lang='lat' dir='ltr'>innixus</span> <span class='ocrx_word' id='word_1_159' title='bbox 254 2604 375 2673; x_wconf 90' lang='lat' dir='ltr'>liberto,</span> <span class='ocrx_word' id='word_1_160' title='bbox 392 2624 439 2682; x_wconf 86' lang='lat' dir='ltr'>per</span> <span class='ocrx_word' id='word_1_161' title='bbox 455 2602 640 2662; x_wconf 83' lang='lat' dir='ltr'>Tiberianam</span> <span class='ocrx_word' id='word_1_162' title='bbox 658 2604 794 2677; x_wconf 89' lang='lat' dir='ltr'>domum,</span> 
     </span>
     <span class='ocr_line' id='line_1_30' title="bbox 119 2683 794 2756; baseline 0.001 -13"><span class='ocrx_word' id='word_1_163' title='bbox 119 2686 150 2743; x_wconf 88' lang='lat' dir='ltr'>in</span> <span class='ocrx_word' id='word_1_164' title='bbox 164 2683 343 2753; x_wconf 84' lang='lat' dir='ltr'>Velabrum,</span> <span class='ocrx_word' id='word_1_165' title='bbox 359 2683 424 2743; x_wconf 90' lang='lat' dir='ltr'>inde</span> <span class='ocrx_word' id='word_1_166' title='bbox 435 2683 469 2743; x_wconf 88' lang='lat' dir='ltr'>ad</span> <span class='ocrx_word' id='word_1_167' title='bbox 482 2684 650 2743; x_wconf 88' lang='lat' dir='ltr'>Milliarium</span> <span class='ocrx_word' id='word_1_168' title='bbox 661 2706 794 2756; x_wconf 86' lang='lat' dir='ltr'>aureum,</span> 
     </span>
     <span class='ocr_line' id='line_1_31' title="bbox 121 2763 794 2849; baseline 0 -22"><span class='ocrx_word' id='word_1_169' title='bbox 121 2763 174 2827; x_wconf 74' lang='lat' dir='ltr'>sub</span> <span class='ocrx_word' id='word_1_170' title='bbox 196 2764 285 2829; x_wconf 79' lang='lat' dir='ltr'>aede&#39;m</span> <span class='ocrx_word' id='word_1_171' title='bbox 305 2764 446 2838; x_wconf 76' lang='lat' dir='ltr'>Saturni,</span> <span class='ocrx_word' id='word_1_172' title='bbox 473 2767 572 2849; x_wconf 83' lang='lat' dir='ltr'>pergit.</span> <span class='ocrx_word' id='word_1_173' title='bbox 608 2765 654 2824; x_wconf 89' lang='lat' dir='ltr'>Ibi</span> <span class='ocrx_word' id='word_1_174' title='bbox 682 2786 736 2827; x_wconf 86' lang='lat' dir='ltr'>tres</span> <span class='ocrx_word' id='word_1_175' title='bbox 765 2777 794 2827; x_wconf 72' lang='grc' dir='ltr'>δι</span> 
     </span>
    </p>

    <p class='ocr_par' dir='ltr' id='par_1_7' title="bbox 606 2847 670 2927">
     <span class='ocr_line' id='line_1_32' title="bbox 606 2847 670 2927; baseline -0.031 -22"><span class='ocrx_word' id='word_1_176' title='bbox 606 2847 628 2905; x_wconf 91' lang='lat' dir='ltr'>B</span> <span class='ocrx_word' id='word_1_177' title='bbox 650 2849 670 2927; x_wconf 84' lang='lat' dir='ltr'>ij</span> 
     </span>
    </p>
   </div>
   <div class='ocr_carea' id='block_1_6' title="bbox 0 0 1069 3650">
    <p class='ocr_par' dir='ltr' id='par_1_8' title="bbox 0 0 1069 3650">
     <span class='ocr_line' id='line_1_33' title="bbox 0 0 1069 3650; baseline 0 0"><span class='ocrx_word' id='word_1_178' title='bbox 0 0 1069 3650; x_wconf 95' lang='lat' dir='ltr'> </span> 
     </span>
    </p>
   </div>
  </div>
 </body>
</html>
