2100 3650
239 352 733 425 H18TOR1ARUMLIB.IV.
760 376 830 443 299

152 472 290 537 adulandi
311 474 438 535 libidine.
460 475 549 545 Piso,
567 472 676 534 indicio
695 473 833 556 Sagittae,

152 558 201 618 vel
230 555 314 617 insiti
342 554 499 627 modestid,
531 576 591 615 non
624 557 654 615 in
685 556 832 635 publicum

70 662 76 675 ·
153 658 279 721 egressus
301 634 358 709 est,
379 657 470 718 neque
491 656 519 695 se
546 634 643 713 studiis
662 637 742 719 vulgi
762 657 830 717 per-

154 722 242 780 misit.
294 718 557 813 Centurionemque
605 720 832 797 percunstatus,

154 799 305 882 postquam
328 800 467 878 quesitum
488 799 547 859 sibi
568 798 669 858 crimen
687 803 833 877 cademque

155 884 293 962 comperit
305 904 314 938 t
327 882 510 941 animadverti
522 882 553 939 in
569 902 629 939 eum
644 882 737 959 jussit,
755 878 833 941 haud

155 962 269 1045 perinde
290 982 337 1043 spe
355 964 437 1033 virae,
460 958 546 1042 quim
566 959 607 1019 ire
629 962 659 1021 in
680 982 835 1042 percusso-

156 1065 235 1115 rem,
250 1040 328 1125 qudd
355 1043 430 1103 idem
448 1062 481 1101 ex
494 1040 717 1103 interfestoribus
732 1042 838 1105 Clodii

157 1125 274 1197 Macri,
297 1142 423 1184 emeritas
442 1124 532 1206 legati
555 1125 690 1206 sanguine
710 1144 835 1197 manto,

157 1206 195 1266 ad
224 1206 328 1265 caedern
357 1204 532 1286 proconsulis
560 1205 705 1265 retulisset.
735 1206 835 1266 Aurio

158 1287 258 1347 deinde
280 1286 373 1347 edidlo
400 1283 683 1369 Carthaginiensibus
708 1286 836 1367 increpi-

158 1370 217 1439 tis,
239 1390 274 1428 ne
294 1369 376 1429 solita
402 1366 519 1448 quidem
544 1368 641 1426 munia
661 1369 837 1447 usurpabat,

158 1450 267 1509 clausus
284 1451 355 1510 intra
373 1448 511 1520 domurn,
530 1468 639 1531 nequa
652 1446 747 1509 motis
765 1452 837 1511 novi

160 1552 243 1591 causa
262 1531 307 1590 vel
327 1528 400 1590 forte
425 1531 552 1589 oriretur.

200 1612 234 1671 L.
259 1611 315 1672 Sed
336 1612 385 1671 ubi
412 1608 493 1669 Festo
514 1609 701 1671 consternatio
730 1612 839 1694 vulgi,'

138 1695 329 1759 ,centurionis
349 1692 534 1773 supplicium,
555 1712 676 1773 veraque
695 1701 723 1753 &
737 1691 837 1765 falsa,

158 1794 239 1834 more
257 1772 360 1845 fama,
387 1776 416 1834 in
434 1776 525 1852 riajus
547 1774 712 1846 innotuere,
724 1775 838 1855 equites

159 1857 190 1915 in
204 1875 301 1916 necem
318 1855 428 1915 Pisonis
446 1857 543 1913 mittit.
558 1855 604 1913 llli
619 1856 722 1934 raptim
737 1857 838 1927 ved'ti,

160 1938 282 1997 obscuro
300 1933 391 1996 adhuc
405 1955 501 2016 coeptae
519 1936 610 2007 lucis,
631 1935 750 1995 domum
764 1957 840 2015 pro-

160 2019 284 2078 consulis
302 2021 485 2096 inrumpunt,
501 2013 635 2076 destridlis
657 2017 780 2100 gladiis,
806 2026 838 2079 dt

160 2119 268 2180 magna
286 2120 348 2180 pars
370 2098 481 2158 Pisonis
498 2099 610 2181 ignari,
633 2096 712 2179 qudd
734 2098 841 2160 Poenos

160 2182 327 2251 auxiliares,
346 2179 520 2259 Maurosque
537 2181 567 2237 in
584 2199 648 2238 mm
667 2179 771 2239 eaedem
791 2179 840 2240 de-

160 2261 296 2344 legerat:
321 2257 397 2320 haud
418 2261 516 2340 procul
542 2260 694 2331 cubiculo,
717 2263 840 2321 obvium

162 2341 235 2402 forte
247 2363 375 2412 servum,
395 2344 536 2418 quisnam,
552 2338 588 2400 de-
598 2341 646 2400 udi
656 2359 728 2400 essct
744 2341 841 2405 Piso?

161 2426 376 2504 interrogavere.
402 2422 501 2482 Servus
528 2442 544 2479 e
565 2424 643 2505 regio
668 2421 842 2494 mendacio,

107 2534 117 2576 ρ
161 2527 192 2564 ee
212 2489 344 2566 Pisonem
361 2527 420 2564 esse
442 2441 605 2582 respondit3
625 2523 661 2562 ae
676 2501 772 2564 statim
789 2504 844 2563 ob·

163 2603 333 2646 truncature
356 2605 406 2646 nec
427 2582 518 2642 multd
541 2581 622 2664 pest,
642 2583 709 2644 Piso
732 2583 845 2646 interfi-

163 2669 242 2726 eirur.
262 2667 396 2747 Narnque
418 2665 535 2735 aderat,
551 2666 602 2744 qui
618 2686 761 2739 nosceret,
779 2667 842 2727 Be·

163 2747 226 2806 bius
239 2745 355 2818 Massa,
369 2767 384 2804 e
404 2747 627 2825 procuratoribus
642 2745 766 2819 Africae,
779 2753 843 2827 jani

162 2845 228 2888 niue
244 2830 357 2908 optimo
371 2830 474 2908 cuique
485 2827 684 2968 exitione&
698 2832 728 2888 in
744 2849 845 2890 causas

690 2930 722 2988 v}
