2100 3650
230 314 296 377 162
351 307 388 377 C.
417 307 559 378 coru.
591 307 767 376 TAcrrr

227 429 405 522 imponentia
434 427 575 488 labefecit.
602 427 717 506 Insuper
748 421 913 501 confusus,

227 529 363 590 pravitate
383 509 430 569 vel
449 510 578 579 ambitu,
597 507 668 567 ordo
686 508 803 566 militiae.
818 509 914 568 Sede-

227 593 286 649 cim
313 592 467 670 praerotiae,
496 607 616 670 quatuor
638 589 750 648 urbanae
775 586 914 651 cohortes

226 671 437 742 scribebantur,
457 676 521 752 quis
538 669 647 812 sinpula
666 671 756 730 millia
773 672 912 734 inessent.

226 752 293 812 Plus
312 755 392 812 ineo
414 752 523 813 deledtu
539 751 586 812 Va
598 772 646 812 ens
671 751 812 824 audebat,
832 771 913 812 tam·

227 855 315 915 quam
332 836 422 913 ipsum
437 834 585 894 Cercinam
598 834 721 914 periculo
739 835 912 894 exemissete

226 915 295 975 sarid
324 916 446 975 adventu
475 921 534 994 ejus
563 933 651 994 partes
680 915 913 988 convaluerant,

227 995 412 1056 &sinistrum
443 996 511 1056 lenti
535 998 640 1056 itineris
662 1017 802 1055 rumorem
826 1017 914 1074 pros-

227 1097 296 1160 pero
315 1079 414 1157 proelio
431 1096 549 1136 verterat
568 1101 575 1138 ι
594 1080 742 1158 omnisque
763 1077 914 1140 inferioris

228 1159 390 1219 Germaniae
411 1160 491 1218 miles
509 1158 663 1218 Valentem
685 1159 914 1219 adsedabatur:

227 1240 304 1301 unde
321 1239 442 1321 primum
463 1239 582 1300 creditur
604 1240 725 1300 Caecinae
746 1238 816 1300 fides
839 1243 914 1302 flui-

227 1337 308 1382 tasse.

270 1403 467 1463 LXXXXIV.
490 1401 625 1465 Cetenim
650 1425 708 1464 non
729 1405 770 1463 ira
789 1401 915 1467 ducibus

229 1484 347 1544 indulsit
361 1485 510 1556 Vitellius,
530 1503 634 1546 utnon
656 1486 716 1565 plus
737 1485 822 1544 militi
839 1487 916 1546 lice-

181 1593 185 1599 ·
228 1584 271 1624 ret
284 1589 291 1622 :
303 1567 359 1624 sibi
366 1569 484 1647 quisque
494 1569 628 1626 militiam
639 1587 777 1647 sumpsere
790 1591 797 1626 t
809 1588 915 1648 quam-

230 1647 273 1705 vis
290 1646 440 1727 indignus,
454 1650 478 1705 si
491 1650 530 1707 ira
549 1649 708 1718 maluerat,
722 1649 835 1708 urbanae
851 1651 915 1708 mi-

229 1726 297 1786 litiae
320 1728 527 1787 adscribebatur
550 1751 558 1787 r
578 1750 669 1789 rursus
688 1730 770 1788 bonis
789 1775 798 1800 ,
820 1749 914 1792 rema·

143 1828 146 1831 ’
230 1828 296 1868 nere
318 1811 389 1869 inter
406 1810 578 1888 legionarios
599 1830 648 1871 aut
669 1809 756 1871 alares
778 1810 911 1873 volenti-

230 1887 483 1971 bus,permissum
499 1916 506 1951 ε
528 1914 580 1951 nec
594 1892 708 1951 deerant
724 1894 773 1973 qui
785 1893 913 1969 vellent,

232 1970 298 2031 fessi
320 1974 448 2043 morbis,
473 1983 500 2033 &
524 1975 718 2053 intemperiem
744 1976 808 2035 coeli
830 1976 912 2035 incu-

230 2072 332 2118 santes.
362 2054 478 2114 Robora
501 2068 598 2117 tamen
616 2054 776 2137 legionibus
800 2056 913 2137 alisque

169 2184 180 2197 .
231 2134 372 2193 subtradla
396 2158 403 2191 ε
428 2136 593 2197 convulsum
618 2134 769 2195 castrorum
796 2136 912 2211 decus,

232 2215 336 2296 viginti
354 2216 497 2288 millibus,
517 2238 532 2275 e
547 2236 609 2277 toto
627 2219 767 2289 exercitu,
787 2221 913 2298 permix-

231 2297 268 2355 tis
284 2298 396 2380 magis‚
413 2296 499 2376 quam
517 2299 621 2358 electis.
638 2299 839 2360 Contionante
854 2300 913 2359 Vi·

232 2378 330 2448 tellio,
355 2376 526 2458 postulantur
550 2384 588 2439 ad
607 2382 769 2455 supplicium
793 2380 911 2439 Asiati-

230 2480 301 2529 cus,
320 2455 347 2518 ἃ
364 2460 505 2530 flavius,
525 2457 553 2520 ἃ
576 2460 710 2538 Rufinus,
731 2464 811 2521 duces
836 2462 912 2521 Gal-

232 2541 354 2608 liarum,
372 2543 444 2617 quod
455 2562 507 2615 pro
532 2542 650 2602 Vindice
666 2542 822 2603 bellassent.
845 2542 911 2603 Nec

233 2621 381 2679 coercebat
398 2622 536 2698 ejusmodi
553 2644 637 2683 voces
653 2623 786 2683 Vitellius
805 2644 912 2704 :super

233 2700 348 2759 insitam
364 2704 460 2760 animo
471 2704 617 2785 ignaviam
627 2750 639 2773 ,
651 2705 776 2764 conscius
790 2704 845 2763 sibi
859 2706 909 2765 in-

232 2779 302 2842 stare
332 2781 526 2864 donativum,
557 2794 585 2846 δι
614 2786 707 2847 deesse
737 2788 910 2867 pecuniam,
