2100 3650
231 321 284 400 [34
348 302 386 373 C.
414 302 556 373 Corn.
588 303 772 372 Tncrrr

239 425 417 495 commilito,
440 425 555 504 inquit,
578 424 639 500 quis
657 423 776 502 jussit?
802 423 913 507 insigni

235 506 335 566 animo
365 503 401 564 ad
427 502 611 564 coercendam
639 504 791 564 militarem
819 504 911 565 licen-

236 589 336 657 tiam,
373 586 546 648 minantibus
571 584 746 666 intrepidus‚
778 585 912 648 adversus

237 667 414 728 blandientes
439 669 621 746 incorruptus.

276 747 418 808 XXXVI.
442 747 530 810 Haud
556 746 647 808 dubit
668 752 728 826 jam
753 751 784 808 in
814 747 912 811 casinis

235 831 367 890 omnium
381 849 487 890 mentes
498 853 507 901 3
527 848 675 910 tantusque
686 830 790 899 ardor,
805 846 836 890 ut
849 851 911 892 non

235 912 363 970 contenti
387 913 548 994 agmine&
574 910 760 991 corporibus,
782 913 813 969 iu
834 932 867 970 su
892 945 909 959 -

257 989 337 1064 ellu,
363 993 394 1052 in
417 1013 474 1073 quo
498 992 593 1072 paullo
617 992 683 1051 ante
701 1011 785 1052 aurea
806 933 912 1053 Galeas

234 1013 325 1134 latua
343 1073 454 1143 fuerat,
472 1073 599 1132 medium
621 1075 694 1133 Inter
710 1075 791 1156 signa
811 1070 912 1133 Orbo-

234 1175 303 1214 nem
323 1155 432 1216 vexillis
455 1153 665 1214 circumdarent.
687 1151 750 1213 Nec
769 1153 912 1226 tribunis,

234 1256 287 1296 aut
307 1235 532 1308 centurionibus,
555 1234 678 1296 adeundi
696 1235 775 1293 Iocus
789 1258 797 1292 r
810 1255 914 1320 grega-

234 1319 293 1378 rius
310 1318 389 1376 milcs
408 1320 501 1378 caveri
517 1319 627 1396 insuper
643 1317 805 1390 propositos
822 1316 911 1393 jube-

235 1397 294 1462 bat.
326 1399 450 1476 Strepere
471 1401 571 1458 cundia
592 1396 782 1467 clamoribus,
803 1405 830 1456 δι
857 1415 910 1457 tu-

235 1479 345 1550 multu,
367 1488 395 1539 &
414 1476 608 1538 exhortatione
628 1475 743 1548 mutud,
757 1497 817 1537 non
834 1496 915 1540 tam·

236 1555 324 1640 quam
348 1561 379 1618 in
406 1559 513 1640 populo
537 1581 571 1619 ac
594 1559 696 1639 plebe,
718 1559 803 1618 variis
827 1562 912 1644 segni

213 1657 217 1662 ·
235 1641 399 1700 adulatione
421 1641 558 1712 vocibus,
575 1639 625 1700 sed
642 1659 674 1700 ut
692 1659 833 1721 quemque
856 1642 914 1703 ad-

234 1723 382 1782 fluentium
408 1722 531 1782 militum
557 1721 759 1802 adspexerant,
782 1741 914 1801 prensare

235 1803 382 1875 manibus,
403 1804 554 1885 complecti
572 1805 677 1874 armis,
698 1803 837 1865 collocare
850 1809 917 1884 jur·
943 1804 949 1813 ’
1031 1829 1032 1844 ¹

236 1883 288 1955 ri,
309 1887 402 1965 praeire
423 1905 651 1955 sacramentum,
670 1884 761 1945 modb
780 1885 910 1966 Impera-

235 1985 326 2025 torem
349 1966 506 2037 militibus,
528 1965 617 2026 modb
632 1969 794 2046 imperaturi
804 1970 913 2031 milites

234 2048 443 2109 commendare.
468 2048 533 2107 Nec
551 2048 646 2108 deerat
667 2046 772 2120 Otho,
793 2069 913 2129 proten-

235 2126 304 2189 dens
323 2149 442 2199 manus,
463 2128 581 2189 adorare
602 2131 721 2213 vulgum
732 2176 741 2201 ‚
752 2136 842 2209 jacere
855 2152 909 2192 os-

233 2210 316 2280 cula,
331 2218 358 2269 δι
372 2211 470 2270 omnia
486 2212 620 2271 serviliter
634 2232 684 2291 pro
701 2210 910 2274 dominatione.

233 2288 388 2371 Postquam
409 2292 536 2352 uniuersa
555 2293 734 2352 classicorum
762 2293 840 2374 legio
859 2312 913 2354 sa·

232 2392 409 2433 crementum
431 2377 488 2451 ejus
514 2376 648 2455 accepit,
668 2372 756 2433 fidens
777 2374 910 2447 viribus,

233 2463 261 2515 δι
286 2475 357 2535 quos
385 2451 478 2515 adhuc
510 2456 637 2539 singulos
660 2452 908 2527 exstimulaverat,

233 2535 427 2595 accendendos
440 2538 471 2595 in
484 2556 636 2597 commune
647 2554 743 2609 tatus,
763 2554 815 2618 pro
828 2536 919 2597 vallo-

233 2614 383 2677 castrorum
406 2618 445 2678 ita
466 2620 558 2698 coepic

273 2698 429 2759 XXXVII.
443 2700 516 2778 Quis
526 2703 619 2759 advos
625 2701 821 2773 processerim,
832 2720 908 2758 com·

233 2778 391 2854 militones,
406 2784 492 2843 dicere
505 2802 559 2842 non
567 2800 698 2857 pessum:
711 2782 778 2859 quia
788 2801 837 2841 nec
844 2781 908 2857 pri-
