2100 3650
268 305 336 371 ¹40
404 284 442 352 c:
470 284 614 353 Cursu.
644 285 827 351 TAcrr'r

264 426 346 465 arma
360 401 397 464 ad
413 404 541 463 tribunos
559 424 624 463 suos
642 400 805 479 deferebant
824 425 830 460 ι
851 402 946 465 donec

266 505 379 546 motum
410 507 427 545 a
463 486 644 565 Vespasiano
675 484 783 543 bellurn
813 486 943 545 crebros*

266 588 340 627 teret
373 590 381 625 t
412 585 496 635 tum,
523 562 665 645 resumpti
695 563 824 637 militib,
859 569 947 627 robur

264 648 465 709 Flavianarum
484 650 605 728 partium
630 646 715 707 fuere.
731 647 827 707 Ptinr'a
846 649 946 709 classi-

266 751 365 791 corum
381 732 459 813 legio
475 729 691 810 iuHispaniam
705 730 809 801 missa,
829 748 861 789 ut
876 750 947 810 paoe

266 821 295 872 &
313 814 375 871 otio
399 811 556 874 mitesceret
573 833 581 867 t
598 810 748 869 undecima
767 832 800 869 ac
824 814 947 889 septima

267 894 324 953 suis
336 891 459 953 bibernis
468 891 582 953 reddita
593 915 600 948 ε
612 891 835 951 tertiadecimani
843 890 946 952 struere

267 972 476 1053 amphitheatra
500 976 594 1052 jussi:
623 994 691 1033 nam
722 972 839 1034 Caecina
865 973 946 1035 Cre-

268 1076 386 1126 mona,
413 1055 521 1115 Valens
552 1055 721 1124 bononia,
755 1056 947 1135 spectaculum

268 1136 460 1220 gladiatorum
472 1136 552 1195 edere
569 1137 705 1214 parabant
717 1158 724 1193 τ
737 1157 893 1219 numquam
905 1139 947 1197 ita

268 1217 307 1278 ad
331 1239 410 1279 curas
428 1220 538 1278 intento
555 1218 694 1289 Vitellio,
718 1236 749 1277 ut
766 1218 947 1300 voluptatum

256 1298 485 1362 oblivisceretur.

312 1381 483 1443 varll,
510 1381 550 1442 Et
570 1376 686 1463 quidem
708 1398 797 1463 partes
819 1376 949 1443 modeste

271 1460 432 1525 distraxerat
455 1488 462 1521 z
490 1463 566 1543 apud
591 1463 795 1525 vieiores'orta
817 1465 948 1537 seditio,

271 1543 379 1603 ludicro
415 1547 500 1604 initio
516 1586 528 1615 ,
544 1546 616 1606 ,nisi
648 1562 791 1605 numerus.
812 1562 949 1607 caesorum

270 1624 409 1685 invidiam
429 1626 506 1685 bello
528 1630 657 1688 auxisset,
680 1627 875 1687 Discubuerat·
890 1628 950 1687 Vi-

272 1706 364 1765 tellius
384 1707 502 1776 Ticini,
522 1706 652 1769 adhibito
674 1710 711 1769 ad
733 1709 829 1787 epulas
844 1710 951 1793 Vergi-

272 1789 332 1847 nio.
352 1790 453 1873 Legati
471 1788 648 1872 tribunique,
665 1811 698 1850 ex
720 1789 846 1850 moribus
861 1792 951 1871 irnpe-

272 1876 396 1930 rat‘orurn
421 1917 431 1942 ,
459 1874 634 1942 severitatem
670 1873 868 1942 aemulantur,
902 1873 952 1933 vel

219 1968 222 1972 ·
274 1950 444 2031 tempestivis
479 1954 616 2014 conviviis
648 1954 772 2036 gaudent
798 1975 805 2010 τ
830 1954 951 2034 perinde

273 2033 366 2104 miles,
379 2036 523 2106 intentus,
552 2053 601 2096 aut
629 2035 744 2096 licenter
767 2037 835 2118 agit.
863 2037 951 2116 Apud

271 2109 424 2176 Vitellium
448 2119 547 2176 omnia
569 2117 754 2197 indisposita,
773 2117 950 2190 temulenta,

273 2197 427 2277 pervigiliis
445 2219 478 2256 ac
496 2197 739 2271 Bacchanalibus,
761 2195 848 2280 quim
867 2198 952 2258 disci-

273 2278 356 2358 plinae
384 2287 412 2338 &
435 2276 528 2338 castris
558 2281 696 2360 propiora.
724 2281 815 2362 Igitur
841 2279 953 2341 duobus

273 2359 434 2430 militibus,
455 2360 542 2419 altero
568 2362 689 2444 legionis
710 2363 837 2442 quintae,
861 2362 951 2421 altero

275 2461 291 2498 e
315 2441 406 2501 Gallis
428 2442 629 2514 auxiliaribus,
652 2463 700 2523 per
721 2443 889 2513 lasciviam,
913 2443 952 2503 acl

276 2542 423 2585 certamen
438 2524 565 2585 liniendi
583 2527 721 2596 accensis,
743 2521 891 2606 postquam
911 2525 953 2584 le·

274 2605 419 2684 gionarius
439 2606 617 2684 prociderat,
633 2607 786 2667 insultante
799 2605 887 2666 Gallo
901 2652 910 2678 ,
923 2615 953 2666 st

275 2686 328 2753 iis,
350 2687 401 2766 qui
422 2686 459 2745 ad
479 2688 661 2764 speclandum
685 2707 894 2759 convenerant,
921 2689 953 2748 in

224 2785 227 2789 ’
275 2763 365 2832 studia
405 2767 555 2845 diduliis5
590 2789 701 2852 erupere
737 2771 888 2856 legionarii
920 2771 953 2830 in
