2100 3650
226 305 541 374 Hrsronrnnvn
555 303 641 372 Lrn.
657 304 727 372 III.
762 327 827 392 177

152 419 321 504 obsequium
346 443 412 504 erga
435 422 583 485 Romanos
610 446 617 480 t
640 433 667 484 δι
691 443 758 507 gens
788 423 828 484 fi-

153 503 200 563 dei
218 505 376 564 commissae
396 505 547 583 patientior
569 528 576 563 z
600 509 690 585 posita
707 509 738 566 in
757 506 831 569 latus

151 586 256 645 auxilia
272 628 285 653 ,
308 583 407 644 infesti
420 585 510 644 Raetia
519 631 531 655 ,
545 587 589 645 cui
604 585 712 646 Portius
729 587 826 667 Septi-

152 669 247 726 minus
273 685 434 745 procurator
461 685 544 736 erat,
569 670 732 748 incorrupta·
760 690 829 752 erga
892 673 897 680 '

150 746 303 806 Vitellium
319 745 394 806 fidei.
409 747 498 830 Igitur
516 747 646 807 Sextilius
665 749 742 808 Felix
761 772 828 812 cum

150 828 198 888 ala
211 828 337 888 Auriana
356 837 383 887 &
394 831 461 888 ocio
482 825 662 899 cohortibus,
680 853 713 890 ac
731 831 829 891 Nori--

152 930 250 968 cotum
272 914 433 985 juventute,
460 909 496 968 ad
520 911 714 989 occupandam
735 914 827 992 ripam

151 990 227 1050 AEui
248 991 394 1060 fluminis,
428 990 505 1070 quod
533 991 626 1050 Ra‘tos
648 993 827 1074 Noricosque

152 1070 285 1132 interfluit
295 1114 305 1141 ,
318 1073 417 1130 missus
434 1094 441 1128 ε
459 1092 511 1130 nec
533 1069 595 1143 his,
610 1091 658 1132 aut
678 1073 733 1133 illis
751 1095 827 1154 pro:-

149 1155 223 1214 lium
251 1153 446 1222 tentantibus,
474 1151 587 1214 fortuna
610 1156 731 1233 partium
754 1157 826 1216 alibi

151 1236 300 1296 transacta.

192 1316 247 1376 VI.
269 1316 425 1384 Antonio,⁴
435 1315 593 1374 vexillarios
610 1336 624 1374 e
639 1311 825 1388 cohortibus,

150 1407 179 1459 &
193 1415 299 1478 partem
310 1398 436 1476 equitum
454 1396 491 1455 ad
509 1397 697 1458 invadendam
710 1398 825 1458 Italiam

147 1479 289 1559 rapienti,
312 1497 406 1536 comes
426 1475 480 1536 fuit
504 1480 599 1538 Artius
622 1480 652 1538 V
653 1500 734 1550 atus,
755 1478 825 1538 stre-

148 1582 221 1620 nuus
247 1557 346 1627 bello,
367 1579 454 1640 quam
474 1558 594 1641 gloriam
617 1569 645 1622 δι
670 1559 726 1619 dux
746 1560 824 1622 Cor-

149 1641 243 1712 bulo,
272 1648 300 1699 &
323 1660 456 1720 prospera
476 1641 506 1698 in
532 1642 666 1702 Armenia
681 1663 723 1700 res
740 1642 825 1702 addi·
918 1699 923 1707 Ι

146 1721 256 1782 derant.
275 1719 377 1790 Idem,
397 1725 506 1780 secretis
525 1727 599 1796 apud
615 1724 752 1782 Neronem
768 1745 825 1782 ser·

145 1804 299 1872 monibus,
327 1800 466 1868 ferebatur
509 1803 666 1863 Corbulonis
704 1804 824 1867 virtutes
874 1878 876 1883 Ι

148 1887 309 1946 criminatio
329 1909 339 1943 :
358 1883 431 1943 uude
455 1883 558 1945 infami
585 1884 674 1968 grarid
700 1886 824 1965 primum

148 1968 240 2048 pilum
268 1966 404 2045 adepto,
438 1966 501 2025 laeta
534 1965 571 2027 ad
599 1988 714 2047 praesens
746 1968 823 2026 male

170 2066 259 2117 arta,
286 2067 354 2105 mox
383 2048 413 2105 in
444 2049 595 2126 perniciem
624 2048 746 2107 vertitu·
766 2046 824 2109 Sed

145 2069 259 2189 brimus
279 2148 311 2187 ac
330 2128 444 2197 Varus,
469 2128 605 2208 occupati
630 2127 777 2209 Aquilam,
792 2133 824 2190 in

148 2212 279 2291 proxima
306 2228 441 2289 quaque,
464 2218 491 2269 δι
515 2208 705 2290 Opitergii&
731 2208 826 2270 Altini

146 2292 219 2352 laet'is
239 2290 341 2351 animis
359 2291 532 2369 accipiuntur
554 2314 561 2348 ι
583 2292 710 2351 relietum
731 2292 824 2353 Altini

147 2371 308 2453 ptaesidium
325 2369 454 2456 adversus
471 2371 587 2431 classem
607 2372 824 2444 Ravennatem,

146 2454 277 2513 nondum
299 2448 457 2511 defediione
476 2456 534 2529 ejus
553 2452 648 2512 auditi
661 2477 668 2509 ι
681 2453 748 2511 inde
761 2452 821 2512 Pa-

146 2537 257 2595 tavium
269 2542 295 2593 &
308 2529 544 2612 Atestepartibus
564 2533 712 2613 adjunxere
734 2557 741 2590 ε
763 2535 823 2597 illic

146 2618 316 2699 cognitum,
340 2614 392 2673 tris
424 2613 594 2688 Vitellianas
619 2616 765 2685 cohortes,
794 2614 823 2688 fl

145 2699 244 2766 alam,
264 2697 308 2755 cni
324 2693 510 2752 Scriboniano
531 2716 647 2766 nomen,
670 2700 708 2755 ad
720 2696 823 2766 Forum

137 2778 257 2841 [Allieni
266 2823 278 2847 ,
294 2793 377 2851 ponte
389 2776 507 2862 juratio,
527 2780 680 2837 consedisse
693 2802 703 2835 :
715 2779 824 2858 placuit

473 2880 476 2888 ·
629 2858 698 2921 Hv
784 2870 788 2879 ’
