2100 3650
280 276 348 342 186
401 273 438 341 C.
467 273 612 340 corre.
644 268 846 339 Trcrrr

197 413 199 416 ’
275 392 457 463 aucloritas,
482 392 568 450 militi
588 389 779 471 obsequium„
802 397 834 449 &
861 386 954 467 juniis

276 473 437 556 legionibus
467 469 570 533 fiducia
595 472 696 531 rediret
718 492 725 529 e
754 490 888 551 namque
912 469 957 529 Fa-

278 554 358 613 bium
388 555 543 613 Valentem
554 596 567 624 „
597 550 755 633 profectum
787 552 826 611 ab
866 551 957 622 urbe,
1026 592 1027 611 ι

277 634 555 716 adceleraturumque
586 632 701 719 cogniti
732 632 862 693 Caecinae
894 652 957 711 pro-

278 715 418 789 ditione,
448 715 628 795 conjecmbat
656 724 710 777 t&
740 712 816 775 fidus
839 713 958 772 Vitellio

277 796 382 857 Fabius
397 843 406 868 ,
426 818 476 857 nec
495 798 603 859 militiae
615 798 737 879 ignarus.
752 795 851 857 Simul
864 794 958 877 ingens

279 878 489 940 Germanomm
525 880 570 941 vis
603 899 650 957 per
683 878 808 938 Raetiam
841 875 960 936 timeba-

280 978 324 1019 tur
345 983 353 1017 ε
380 969 407 1019 &
425 959 595 1031 Britannii,
618 958 791 1039 Galliique,
810 967 839 1018 δι
857 957 960 1037 Hispa·

272 1039 329 1101 -uil
349 1042 453 1101 auxilia
469 1041 603 1101 Vitellius
620 1042 773 1111 acciverat,
790 1041 959 1099 immensam

280 1121 348 1181 belli
370 1122 469 1191 luem,
491 1122 522 1181 ni
542 1121 705 1193 Antonius,
729 1120 760 1181 id
777 1120 877 1201 ipsum
900 1138 959 1179 me-

280 1222 382 1274 tuens,
405 1200 536 1263 festinato
560 1204 660 1283 prcelio
682 1202 836 1263 villoriam
857 1220 958 1283 praece·
1024 1237 1025 1248 ι

281 1286 373 1365 pisset.
399 1284 541 1347 Universo
570 1305 634 1343 cum
664 1285 809 1355 exercitu,
836 1281 961 1343 secundis

282 1387 299 1425 a
323 1366 440 1425 Verona
462 1362 572 1435 culitis,
590 1364 757 1425 Bedriacum
774 1366 857 1425 venit
878 1382 961 1443 spos·

281 1466 340 1506 tero
367 1445 435 1517 die,
460 1444 622 1523 legionibus
652 1443 687 1505 ad
712 1444 903 1507 muniendum
925 1464 962 1503 re·

282 1528 384 1599 tentis,
405 1528 553 1587 auxiliares
576 1523 704 1587 cohortes
725 1528 755 1587 in
776 1526 961 1588 Cremonen-

282 1628 342 1669 sem
364 1628 464 1692 agrum
483 1609 594 1678 missa,
619 1626 650 1667 ut
664 1608 755 1688 specie
774 1607 961 1687 parandarum

285 1691 454 1771 copiarum,
476 1689 554 1749 civili
571 1687 662 1769 predi
682 1688 763 1749 miles
782 1689 962 1749 imbueretur.

282 1770 371 1853 lpse,
397 1792 461 1832 cum
476 1788 598 1852 quatuor
611 1769 735 1832 millibus
755 1772 907 1852 equitum,
927 1767 960 1832 ad

283 1857 417 1916 ollarum
445 1877 462 1914 a
481 1853 618 1915 Bedriaco
642 1873 823 1936 progressus,
846 1851 908 1934 qub
927 1852 961 1912 li-

284 1933 391 1996 centius
426 1935 624 2016 popularentur
652 1957 658 1992 ε
692 1934 884 2014 exploratores
913 1938 963 2006 (ut

285 2015 433 2091 mosell)
457 2013 570 2098 longiis
595 2014 738 2076 curabant.

324 2097 408 2158 XVI.
440 2097 549 2174 Quinta
580 2095 667 2158 ferme
692 2094 760 2156 hora
789 2095 847 2156 diei
880 2115 964 2168 erat,

282 2200 372 2260 quum
394 2179 464 2238 citus
477 2199 561 2261 eques
576 2223 587 2250 ‚
608 2182 756 2240 adventare-
773 2177 859 2258 frolles
874 2225 885 2250 ,
901 2198 963 2255 pre»

282 2262 361 2338 gredi
370 2281 494 2335 paucos,
516 2277 618 2318 motum
634 2260 829 2338 fremitumque
848 2260 907 2320 lati
921 2279 966 2320 au·

285 2342 361 2413 diri,
381 2342 532 2401 nunciavit.
551 2341 630 2400 Dum
650 2341 816 2410 Antonius,
834 2342 967 2417 quidnam

285 2426 439 2502 agendllm,
465 2421 634 2494 consultat,
661 2421 796 2482 aviditate
828 2421 966 2484 navandae

286 2525 376 2584 opera
408 2502 505 2563 Areus
535 2503 629 2562 Varus
656 2523 721 2562 cum
746 2504 967 2583 promptissimis

277 2585 414 2664 equitum
432 2587 574 2665 prompit,
591 2585 760 2666 impulitque
772 2584 966 2653 Vitellianos,

288 2663 402 2724 modici
432 2665 527 2737 caede3
560 2687 628 2725 nam
659 2665 779 2744 plurium
815 2686 935 2726 accursu
958 2707 968 2734 ,

287 2765 365 2808 versa
391 2744 522 2820 fortuna,
550 2748 754 2810 &·acerrimus
776 2747 897 2830 quisque
918 2765 965 2808 se·
