2100 3650
241 318 553 393 Historiarum
567 317 652 388 Lm.
669 314 712 390 V.
742 342 805 410 343

133 438 222 507 Unde
240 444 328 502 audiat
348 438 506 504 ludaeorum
523 460 586 510 res3
606 448 635 500 ει
653 441 721 521 quia
737 439 811 521 apud

133 526 210 606 ipsos
223 562 225 565 -
240 508 308 583 fidis
344 519 518 593 obstinata,
552 521 744 581 misericordia
781 524 838 598 in

134 615 287 687 promptu,
310 602 360 663 sed
379 603 507 663 adversus
530 623 630 662 omnes
651 604 723 663 alios
745 600 815 663 hos-

135 687 186 747 tile
206 686 315 746 odium.
337 685 462 765 Separati
478 685 586 764 epulis,
607 684 718 743 discreti
736 684 815 745 cubr-

134 767 231 837 libus,
260 768 461 847 projeetissima
484 765 522 825 ad
546 764 694 825 libidinem
722 786 814 848 gens,

134 850 292 909 alienarum
318 848 470 907 concubitu
493 844 633 913 abstinent
657 849 760 906 :inter
785 865 817 907 se

135 928 210 989 nihil
225 931 375 989 inlicitum.
387 926 597 991 circumcidere
610 928 746 1011 genitalia
759 929 816 988 ins·

137 1012 257 1081 timbre,
281 1029 312 1071 ut
333 1009 504 1083 diversitate,
516 1028 675 1069 noscantur.
699 1008 814 1071 Trans·

138 1094 226 1176 gressi
249 1093 277 1151 in
299 1110 407 1151 morem
432 1110 530 1151 eorum
550 1089 627 1150 idem
648 1110 782 1171 usurpant
806 1113 817 1148 t

121 1194 191 1233 uec
220 1173 377 1255 quidquam
406 1170 478 1253 priris
511 1171 675 1231 imbuuntur
685 1216 698 1243 ,
727 1169 817 1253 quim

138 1273 318 1315 contemnere
344 1255 433 1325 deos,
456 1273 568 1313 exsuere
597 1254 743 1332 patriam3
769 1273 818 1333 pa·

139 1355 252 1407 tentes,
271 1336 388 1405 liberos,
410 1334 527 1406 fratres,
541 1334 609 1395 vilia
624 1332 736 1393 babere.
754 1335 819 1395 Au·

102 1466 103 1469 ,
139 1416 240 1500 gendae
257 1436 352 1477 tamen
363 1415 539 1475 multitudini
556 1416 716 1475 consulitur.
736 1414 818 1476 Nam

140 1508 168 1559 δι
189 1518 286 1559 necare
309 1516 482 1580 quemquam
502 1517 537 1557 ex
554 1498 686 1580 agnatis,
706 1495 787 1556 nefas
807 1519 818 1555 t

140 1582 325 1661 animasque,
342 1578 442 1660 proelio
459 1596 508 1639 aut
528 1579 670 1657 suppliciis
693 1598 819 1657 peremp-

141 1679 257 1732 torum,
282 1680 395 1725 aeternas
425 1679 532 1740 putant.
555 1660 634 1720 Hinc
664 1658 818 1743 generandi

140 1762 245 1813 amor,
267 1751 295 1803 δι
319 1741 459 1801 moriendi
479 1759 664 1821 contemptus.
687 1739 819 1819 Corpora

89 1863 91 1866 v
143 1823 280 1894 condere,
298 1821 383 1904 quim
407 1843 549 1892 cremare,
570 1843 585 1881 e
603 1842 681 1880 more
701 1819 819 1904 AEgyp·

142 1907 205 1978 rio3
224 1905 379 1986 eademque
402 1925 492 1976 cura,
512 1911 540 1962 δι
561 1902 596 1962 de
619 1901 735 1962 infernis
745 1922 819 1980 pet·

144 1989 238 2047 suasio
264 2011 270 2044 r
288 1985 439 2046 coelestium
461 1982 566 2045 contri.
583 1981 716 2066 AEgyptii
733 1982 820 2062 plera·

144 2089 200 2150 que
222 2068 375 2138 animalia,
397 2066 557 2149 effigiesque
575 2066 745 2146 compositas
769 2085 820 2124 ve·

143 2168 297 2220 nerantur3
325 2147 414 2209 Judaei
446 2167 540 2206 mente
568 2145 649 2219 soli,
676 2166 826 2228 unumque

145 2252 253 2292 numen
281 2231 450 2312 intelligunt.
478 2229 640 2307 Profhnos,
669 2231 715 2306 qui
744 2228 821 2288 derint

147 2312 303 2390 inmgiues,
323 2311 482 2370 mortalibus
503 2312 644 2380 materiis,
672 2310 703 2367 in
719 2310 822 2383 species

146 2393 288 2452 dominum
307 2392 443 2470 effingunt.
463 2391 603 2450 Summum
619 2392 690 2450 illud
707 2387 822 2449 &ceter-

145 2496 234 2545 num,
259 2495 340 2550 neque
365 2472 511 2544 mutabile,
532 2494 613 2548 neque
638 2471 820 2529 interiturum.

148 2553 239 2638 Igitur
254 2555 330 2614 nulla
346 2555 492 2614 simulacra
513 2553 628 2614 urbibus
646 2553 702 2612 suis
717 2550 822 2610 nedum

147 2637 261 2716 templis
276 2638 377 2696 sinunt.
390 2635 460 2694 Non
475 2632 587 2719 regibus
602 2631 662 2692 hac
678 2631 826 2704 adulatio,

148 2739 208 2777 uon
221 2717 379 2778 Caesaribus
397 2713 497 2776 honor.
518 2715 593 2786 Sed,
610 2717 676 2796 quia
694 2713 823 2774 sacerdo-

147 2815 190 2860 tes
209 2819 306 2860 eorum
324 2795 395 2860 tibii
410 2800 605 2881 tympanisque
620 2795 823 2938 tpneinebant,

453 2901 454 2905 ¹
674 2896 703 2939 tv
