2100 3650
205 305 517 373 Hrtrontentrrt
529 302 614 374 ltu.
627 302 700 373 111.
738 325 804 395 203

124 418 254 491 Aricino
275 421 407 483 desidem·
420 430 449 483 ut
470 441 663 494 marcentem,
684 422 808 505 proditio

127 502 239 565 Lucilii
261 504 356 575 bassi,
380 523 414 563 ac
434 502 558 605 defectio
578 506 674 607 classis
689 505 808 567 Raven-

127 584 810 760 unnttnlzntintlinnu

128 754 163 809 δι
175 746 215 808 ab
234 749 356 807 exercitu
372 750 521 809 vinctum:
542 750 604 831 plus
619 750 695 832 apud
706 771 809 813 socor-

129 827 203 889 dem
222 831 350 889 animum
373 830 491 902 letitia,
509 828 596 913 quim
613 852 678 893 cura
696 834 811 895 valuitt

129 911 226 971 multa
251 931 317 971 cum
338 911 521 973 exsultatione
536 914 571 973 in
593 912 690 975 urbem
708 936 809 975 reuec-

127 1009 202 1063 tus,
219 989 360 1074 frequenti
374 995 530 1064 concione,
544 995 676 1069 pietatem
689 996 812 1057 militum

123 1073 266 1133 hudibus
290 1074 425 1135 cumulat.
443 1075 480 1133 P.
502 1074 661 1149 Sabinum,
685 1078 813 1153 pretorii

124 1156 360 1297 {gustuugnbffiob
370 1157 524 1299 amicitistm
538 1158 647 1254 Cutina
654 1158 758 1301 uaticirff
768 1164 813 1241 jn·

173 1255 251 1308 t,s
322 1255 445 1299 turotn
482 1258 650 1319 ocumejus
715 1260 812 1323 peno

131 1316 227 1379 Varo.

175 1399 295 1459 XXXV
296 1399 335 1463 11.
350 1400 425 1461 Mox
437 1419 583 1474 renatum,
604 1402 761 1485 compositi
780 1407 813 1468 in

133 1480 381 1564 magnificentiam
405 1484 533 1542 oratione
548 1528 559 1553 ,
578 1480 744 1557 adlocutus,
756 1508 811 1549 ex·-

133 1565 248 1645 quisitir
283 1583 395 1644 patrum
426 1562 636 1628 adulationibus
665 1569 814 1631 attollitur.

133 1644 257 1707 Initium
279 1648 382 1705 atrocis
407 1646 438 1705 in
460 1644 608 1707 Caecinam
628 1651 771 1711 sententia
793 1672 812 1711 a

133 1726 171 1787 L.
191 1727 314 1787 Vitellio
334 1726 442 1787 fabium
461 1750 468 1785 t
486 1727 552 1788 dein
566 1731 673 1801 ceteri,
696 1752 761 1790 com

126 1806 191 1870 -tirai
210 1808 429 1894 indignatione,
454 1810 527 1887 qued
545 1813 642 1892 consul
665 1752 815 1889 ampelii:

11 1918 14 1921 ·
128 1914 215 1962 carn,
227 1895 283 1951 dux
302 1892 509 1966 imperatorem,
528 1893 617 1953 tantis
634 1893 752 1970 opibus,
772 1913 815 1956 tot

132 1973 283 2033 honoribus
301 1975 453 2032 cumulatus
464 2019 476 2043 ,
497 1975 616 2032 amicum
626 1975 816 2051 prodidisset,

125 2055 215 2114 uelut
238 2075 290 2136 pto
312 2054 434 2114 Vitellio
454 2073 523 2114 con
544 2075 695 2128 utentes,
730 2075 814 2120 suunt

10 2191 14 2197 .
134 2135 268 2195 dolorem
293 2135 483 2216 proferebant.
543 2137 600 2197 ulla
629 2137 659 2198 in
684 2140 815 2200 oratione

128 2221 304 2298 ‘cujusquam
319 2237 385 2300 erga
405 2217 556 2279 Flavianos
573 2217 657 2278 duces
675 2219 815 2282 obtretla·

134 2300 180 2360 tio
201 2321 208 2356 :
233 2319 348 2360 errorem
373 2300 632 2378 impmdentiamque
648 2304 815 2364 exercituum

134 2379 304 2460 cttlpantes,
325 2380 624 2461 Vespasiani-nomen
646 2385 815 2463 suspensi&

134 2460 289 2524 vitabundi
318 2460 513 2522 circumibant.
543 2463 606 2522 Nec
629 2461 738 2534 defuit,
764 2467 816 2546 qui

135 2560 228 2602 unum
240 2541 400 2603 consularius
411 2543 487 2603 diem
504 2544 550 2615 (is
569 2545 664 2614 enirn,
679 2546 815 2607 inlocum

127 2623 280 2694 .Caecinae,
290 2643 429 2704 supererat
436 2631 467 2698 ,)
478 2645 586 2709 magno
598 2645 663 2685 cum
672 2627 815 2688 inrisutti-

132 2706 251 2765 buentis
269 2708 486 2786 accipientisque
499 2751 509 2776 ,
533 2705 721 2766 eblandiretur
732 2731 739 2766 t
750 2711 813 2790 pti-

126 2785 186 2864 'die
208 2785 352 2849 Kalendas
374 2786 546 2856 Novembris
565 2785 670 2930 Rosius
688 2789 816 2874 Regulus

660 2889 690 2948 v)
