2100 3650
237 319 283 366 no
360 298 398 366 C.
427 275 573 367 Corn.
604 299 791 368 TAcrrr

237 419 327 488 lium,
356 418 425 478 alter
447 419 666 500 ignavissimus,
688 419 756 478 odio
780 419 918 502 flagitio-

235 519 300 559 rum
327 517 495 570 oneratum,
525 519 689 579 contemptu
719 501 824 559 inertia
856 500 915 560 de·

236 578 385 640 struebant.
407 579 535 639 Tardum
558 581 658 642 Galbae
675 582 742 653 iter,
762 589 789 640 &
808 601 917 640 cruen-

237 681 332 732 tum,
365 661 517 722 interfediis
559 661 709 745 Cingonio
749 663 879 721 Varrone
902 709 940 735 ,Α

236 743 350 802 consule
368 743 534 837 designato,
550 742 727 803 &Petronio
744 741 921 822 Turpiliano

238 825 378 883 consulari
403 847 410 880 :
434 824 479 884 ille
495 843 527 882 ut
545 821 717 905 Nymphidii
734 825 847 895 socius,
866 821 920 884 hic

238 923 270 965 ut
284 904 339 964 dux
356 905 497 975 Neronis,
516 903 636 964 inauditi
654 925 737 986 arque
750 904 921 978 indefensi,

237 1005 385 1066 tamquam
418 988 581 1046 innocentes
609 989 754 1066 perierant.
781 987 918 1047 introitus

238 1069 269 1127 in
283 1069 401 1138 urbem,
413 1066 558 1127 trucidatis
573 1086 615 1126 tot
628 1067 754 1126 millibus
764 1069 919 1128 inermium

238 1149 384 1220 militum,
417 1146 553 1208 infaustus
580 1150 703 1220 omine,
733 1166 817 1229 atque
849 1147 922 1208 isis

239 1233 346 1302 etiarn,
364 1232 413 1312 qui
434 1228 614 1308 occiderant,
633 1229 843 1298 formidolosus.
860 1169 922 1288 in·
944 1225 947 1230 ’

240 1311 325 1372 dune
355 1312 468 1394 legione
495 1309 647 1391 Hispani,
672 1330 834 1370 remanente
862 1308 920 1382 ei,

238 1413 327 1474 quam
348 1413 363 1450 e
386 1393 471 1452 classe
493 1392 579 1452 Nero·
595 1394 812 1470 conscripserat,
832 1391 919 1472 plena

239 1475 305 1534 urbs
326 1475 446 1533 exercitu
466 1475 582 1533 insolito
605 1472 717 1532 :multi
737 1473 776 1533 ad
793 1471 849 1532 hoc
866 1494 923 1532 nu*

236 1557 312 1616 ¹rneri
331 1576 345 1613 e
362 1555 538 1626 Germania,
561 1575 593 1614 ac
614 1554 779 1626 Britannia,
802 1563 829 1614 &
849 1553 921 1634 luy-

235 1638 320 1708 rico,
335 1654 405 1717 quos
431 1635 506 1694 idem
526 1635 605 1695 Nero
624 1634 728 1695 eleeios
747 1637 922 1716 praemissos·

238 1723 296 1799 que
324 1717 360 1778 ad
385 1715 501 1776 claustra
525 1716 720 1796 Caspiarum,
741 1726 769 1777 &
788 1717 894 1776 b'ellum
908 1763 924 1789 ,

240 1798 319 1881 quod
348 1801 378 1860 in
401 1799 531 1860 Albanos
556 1797 695 1880 parabat,
726 1797 925 1879 opprimendis.

235 1882 373 1942 Vindicis
396 1883 492 1962 coeptis
512 1900 691 1940 revocaverat
711 1904 722 1938 :1
739 1882 838 1965 ingens
857 1901 920 1939 no-

240 1967 283 2023 vis
299 1965 379 2043 rebus
393 1965 530 2033 materia,
541 1982 572 2021 ut
582 1984 640 2021 non
652 1962 683 2021 in
695 1982 782 2022 unum
794 1962 925 2044 aliquem

235 2064 332 2126 prono
347 2045 442 2104 favore
452 2090 466 2115 „
477 2046 516 2103 ita
530 2042 645 2102 audenti
655 2062 763 2122 parata.
821 2068 825 2072 ·

282 2126 351 2185 VH.
371 2126 455 2185 Fortb
479 2144 659 2205 congruerat,
681 2144 712 2184 ut
731 2123 832 2185 Clodii
849 2123 927 2185 Ma·

241 2208 299 2277 cri,
327 2216 354 2267 dc
381 2206 491 2265 Fonteii
514 2206 666 2285 Capitonis
690 2205 776 2266 caedes
795 2206 922 2276 nuncia·

240 2308 343 2351 rentur.
372 2288 530 2357 Macrum,
554 2289 584 2346 in
609 2285 707 2347 Africa
733 2284 809 2346 haud
833 2285 927 2346 dubie

241 2370 420 2439 turbantem,
442 2368 602 2432 Trebonius
625 2368 822 2439 Gameianus,
848 2388 925 2448 pro-

207 2520 209 2529 .
242 2468 367 2521 curator,
382 2456 455 2530 jussu
473 2450 592 2520 Galbae3
609 2448 783 2529 Capitonem
801 2451 831 2507 in
848 2448 926 2512 Ger-

240 2534 355 2602 mania,
372 2552 461 2613 quum
477 2531 582 2591 similia
600 2550 752 2611 coeptaret,
767 2531 926 2593 Cornelius

241 2617 390 2694 Aquinus,
410 2623 437 2674 δι
455 2612 559 2672 Fabius
572 2612 699 2682 Valens,
721 2613 809 2695 legati
827 2613 925 2694 legio-

241 2716 332 2765 num,
361 2694 579 2763 interfecerant,
611 2713 675 2753 ante
697 2715 764 2753 uam
790 2694 927 2773 juberen-

242 2795 296 2840 tur.
317 2776 403 2837 Fuere
426 2777 476 2860 qui
494 2774 654 2850 crederent,
676 2716 869 2859 dapitonem,
889 2792 927 2835 ur
