2100 3650
174 328 483 395 Hrsrnarraun
502 323 587 391 lm.
608 319 658 388 Il.
712 337 775 410 ¹¹5

102 445 244 506 militibus
260 443 364 516 credit,
380 444 498 525 meria
516 442 618 504 ducum
630 443 660 501 in
674 442 782 501 interno

103 528 263 606 reliquerat.

145 607 290 667 XXXIV.
308 603 392 667 Nihil
413 625 511 665 eorum
528 603 700 664 Vitellianos
720 601 781 663 fal·

100 688 205 760 lebat,
224 688 345 758 crebris,
370 706 402 746 ut
424 686 550 746 incivili
569 683 663 756 bello,
685 703 779 745 trans-

104 767 214 852 fugiis3
239 769 474 849 &exploratores
495 763 561 826 curi
581 765 687 826 diversa
713 769 783 826 scis·

80 848 85 855 ’
103 849 235 920 citandi,
259 870 309 910 sua
330 871 389 908 non
408 848 597 909 occultabant.
618 847 720 924 Quieti
736 849 783 906 in-

105 932 235 1011 tentique
250 929 367 991 Caecina
383 951 416 990 ac
427 931 553 1000 Valens,
570 927 685 1009 quando
697 923 784 988 hostis

106 1010 299 1092 imprudenti&
319 1031 430 1080 rueret,
454 1011 532 1093 quod
552 1010 618 1068 loco
641 1010 784 1088 sapientiae

108 1091 148 1153 est
166 1139 179 1164 ,
212 1093 333 1152 alienam
361 1090 509 1151 stultitiam
540 1089 754 1170 opperiebantur
769 1133 782 1160 ,

106 1171 247 1233 inchoato
267 1192 353 1253 ponte
374 1176 522 1233 transitum
547 1171 619 1230 Padi
642 1173 782 1230 simulan-

106 1272 170 1327 tes,
190 1253 319 1314 adversus
337 1256 497 1334 oppositam
516 1251 706 1347 gladiatorum
726 1271 787 1312 ma·

108 1345 204 1407 rium,
228 1357 262 1394 ac
283 1356 319 1393 ne
344 1337 467 1414 ipsorum
491 1335 571 1394 miles
593 1351 676 1414 segne
694 1333 785 1392 onum

109 1435 217 1478 tereret.
232 1416 328 1476 Nares
348 1418 408 1554 pari
421 1417 494 1474 inter
514 1435 542 1474 se
563 1417 671 1494 spatio,
684 1412 786 1474 validis
816 1411 820 1418 ’

109 1500 252 1578 utrimque
273 1497 346 1556 trabi
366 1517 398 1556 us
415 1517 567 1566 connexe,
589 1493 736 1555 adversum
756 1497 786 1554 in

109 1581 216 1641 flumen
239 1577 430 1661 dirigebantur
450 1580 531 1658 jadlis
551 1597 631 1656 super
652 1576 784 1644 ancoris,

110 1681 173 1741 quae
203 1657 366 1718 firmitatem
396 1661 490 1739 pontis
515 1660 697 1718 continerent.
730 1654 787 1718 sed

108 1761 277 1804 ancorarum
301 1738 382 1801 funes
404 1761 462 1800 non
485 1740 599 1816 extenti
615 1737 784 1806 fluitabant,

110 1843 142 1883 ut
170 1837 337 1905 augescente
363 1823 504 1893 flumine,
536 1815 688 1879 inoffensus
715 1817 786 1878 ordo

110 1906 231 1965 narium
261 1904 438 1964 attolleretur.
477 1900 641 1963 Claudebat
670 1918 787 1980 pontem

109 1987 246 2066 imposita
266 1986 373 2055 turris,
399 1993 428 2044 δι
452 1986 483 2042 in
507 2001 662 2041 extremam
685 2000 787 2041 navem

110 2068 213 2129 ederem
233 2089 241 2123 ι
261 2065 336 2125 unde
350 2067 497 2125 tormentis
514 2084 548 2125 ac
565 2060 704 2123 machinis
720 2060 788 2123 hos·

110 2165 152 2208 tes
173 2148 406 2227 propulsarentur.

151 2228 281 2288 XXXV.
302 2225 464 2288 Othoniani
480 2231 512 2287 in
531 2230 590 2306 ripa
605 2228 702 2286 turrim
724 2225 790 2285 stm-

112 2328 231 2380 1erant,
251 2329 373 2390 saxaque
388 2318 416 2369 ἃ
434 2307 509 2369 faces
529 2308 729 2387 jaculabantur.
750 2306 789 2367 Et

112 2411 172 2451 erat
187 2391 276 2450 insula
291 2410 375 2449 amne
392 2390 488 2449 medio
499 2435 508 2462 ,
521 2392 551 2449 in
568 2410 654 2469 quam
673 2388 787 2471 gladia-

114 2492 188 2533 tores
205 2471 325 2532 navibus
346 2472 512 2541 molientes,
535 2470 672 2530 Germani
693 2467 789 2529 nando

112 2553 345 2637 praelabebantur.
367 2553 411 2611 Ac
430 2552 503 2617 forte
527 2553 617 2631 plures
637 2568 790 2633 transgres-

107 2659 181 2705 -sos,
200 2635 347 2713 completis
365 2634 541 2703 Liburnicis,
565 2648 612 2712 per
632 2633 788 2712 promptis-

111 2720 203 2778 simos
222 2716 411 2801 gladiatorum
430 2715 530 2773 Macer
549 2712 717 2795 aggreditur.
733 2710 790 2771 Sed

111 2818 205 2883 neque
213 2819 245 2860 ea
257 2795 412 2860 coustantio
419 2795 620 2880 gladiatoribus
630 2792 665 2855 ad
674 2794 790 2876 prolia,
