2100 3650
278 328 346 412 238
403 325 439 395 C.
468 322 611 393 enan.
643 322 821 405 TAcrrr
867 394 870 399 ,
925 340 956 400 J

275 445 402 507 Julianus
426 444 648 528 gladiatoribus,
668 444 842 523 Apollinaris
870 444 960 509 terni·

275 528 377 609 gibus,
408 525 522 586 lascivii
549 522 734 603 socordiaque
762 526 958 605 gladiatorum

275 608 387 689 magis,
405 605 491 688 qu‘anr
504 608 609 667 ducum
623 606 737 665 similes.
753 606 825 667 Non
840 609 956 690 vigilias

273 707 373 781 agere,
389 710 448 747 non
462 692 553 751 intuta
565 689 701 748 moenium
719 684 848 759 firmare,
866 694 957 753 noenu

273 768 494 849 dieque·flnxi,
528 780 555 829 &
582 790 695 829 amoena
728 768 857 829 littorum
885 791 954 850 pet-⁴

273 868 424 922 sonantes,
449 852 479 909 in
507 849 690 911 ministerium
715 848 794 909 luris
823 848 955 930 dispersis

272 931 426 1002 militibus,
445 930 572 991 debello
589 948 699 992 tanturn
724 932 795 991 in'ter
817 934 954 995 convivia

271 1011 467 1093 loquebantur.
488 1013 596 1073 Paucos
615 1031 680 1073 ante
702 1010 761 1071 dies
787 1011 953 1077 discesserat

270 1093 391 1173 Apinius
404 1093 495 1164 Tir03
506 1095 644 1175 donisque
663 1114 695 1153 ac
712 1094 836 1171 pecuniis
850 1096 952 1157 acerbb

270 1195 319 1255 per
345 1177 500 1255 municipia
528 1174 750 1257 conquirendis,
780 1174 841 1253 plus
868 1176 951 1238 invi-

270 1257 323 1316 diae
366 1255 431 1316 uim
451 1258 554 1316 virium
577 1257 698 1336 parribus
719 1254 851 1315 addebat.
947 1288 952 1303 ·

310 1279 463 1397 devll.
486 1337 602 1397 Interim
621 1337 657 1407 ad
671 1338 704 1397 L.
721 1336 874 1397 Vitellium
892 1360 952 1398 ser*

269 1439 320 1479 vus
345 1419 478 1501 Verginii
507 1419 659 1499 Capitonis
687 1416 809 1499 perfugit
834 1419 951 1497 pollici-

247 1549 249 1556 ,
268 1518 368 1580 rusque
388 1544 397 1571 ,
417 1500 446 1558 si
464 1502 623 1573 praesidium
650 1501 804 1573 acciperet,
830 1522 952 1561 vacuam

268 1602 357 1639 artem
365 1581 468 1659 frattina
484 1584 667 1651 traditarum,
687 1579 776 1639 multi
792 1583 877 1641 nodie
901 1604 952 1642 co·-

268 1658 363 1721 bortes
376 1661 532 1741 expeditas,
556 1663 672 1723 summis
692 1663 835 1721 montium
848 1665 949 1745 jugis,

269 1764 349 1823 super
367 1763 449 1824 caput
464 1741 586 1803 hostium
603 1742 671 1803 sistit
694 1766 701 1801 r
725 1741 791 1803 inde
807 1744 890 1803 miles
908 1746 949 1806 ad

267 1824 373 1886 caedem
387 1828 495 1910 magis,
507 1822 594 1907 quim
608 1823 642 1886 ad
656 1845 782 1908 pugnam
801 1823 922 1886 decurrit
937 1851 949 1887 t

267 1903 391 1968 sternunt
407 1909 547 1978 inermes,
574 1925 621 1966 aut
642 1927 720 1967 arma
740 1909 900 1987 capientes,
918 1917 949 1969 δι

266 1988 408 2069 quosdam
427 2010 529 2049 somno
551 1989 677 2058 excitos3
694 2007 783 2068 quum
804 1989 949 2061 tenebris,

266 2089 390 2149 pavore,
413 2072 507 2130 sonitu
527 2069 677 2139 tubarum,
700 2069 822 2128 clamore
849 2067 951 2131 hostili

266 2151 448 2212 turbarentur.
480 2151 567 2210 Pauci
594 2149 784 2232 gladiatorum
815 2149 948 2211 resisten-¹

265 2249 325 2303 tes,
347 2253 437 2312 neque
460 2231 542 2293 inulti
560 2229 681 2290 cecidere
703 2254 710 2288 :
732 2233 816 2290 ceteri
836 2231 873 2291 ad
893 2255 951 2292 nav

265 2334 314 2373 ves
335 2313 476 2383 ruebant,
507 2311 557 2371 nbi
581 2315 680 2372 cuncta
704 2314 765 2391 pari
790 2311 950 2374 formidine

264 2396 306 2454 im
327 2395 505 2464 litabantur,
533 2395 674 2473 permittis
704 2396 844 2476 paganis,
872 2415 950 2475 quos

266 2500 286 2538 n
327 2497 346 2536 o
385 2476 546 2537 discrimine
576 2473 725 2536 Vitelliani
755 2475 952 2538 trucidabanta

266 2557 321 2618 Ser
349 2558 506 2618 Liburnicae
532 2558 604 2627 inter
634 2558 756 2635 primum
787 2555 948 2618 tumultum

266 2657 397 2709 evasere,
416 2640 446 2696 in
464 2639 525 2718 quis
544 2635 687 2718 praefestus
708 2637 803 2697 classis
822 2638 946 2718 Apolli.

266 2721 340 2779 naris
351 2743 364 2778 .:
380 2719 492 2800 reliqua
511 2720 541 2778 in
558 2719 650 2778 littore
668 2737 700 2777 ca
720 2737 769 2788 επ,
784 2737 832 2776 aut
850 2722 949 2780 nimio

266 2802 406 2867 ruentium
414 2821 498 2863 onere
508 2819 613 2883 pressas
622 2739 807 2864 matelrausit
817 2799 952 2864 dubanus
