2100 3650
288 279 315 344 ἃ
343 281 452 342 auxilia
474 303 527 357 pro
556 281 666 340 Othone
675 304 690 354 ,·
713 284 788 359 isque
812 285 967 344 consaluta-

286 383 331 424 tus
357 367 505 439 imperator
518 365 622 446 ,castris
635 365 813 439 pratorianis
836 367 965 442 infertur.

286 443 357 506 Piso
386 445 538 516 cohortem,
566 466 623 522 qua
642 467 694 520 pro
716 447 826 520 palatio
847 445 965 505 excuba-

287 527 334 586 bat
342 573 353 598 ,
370 528 495 585 lzortatur
506 530 545 586 ad
550 527 635 605 fidem
642 549 656 599 ,·
667 545 745 603 atque
757 528 809 584 illa
820 529 902 605 signa
911 550 967 601 pa-

287 627 353 677 rat,
379 611 429 667 sed
447 609 555 686 reliqua
573 610 655 682 copia
672 609 826 666 desciscunt
845 632 855 666 .·
872 609 967 682 plebis

286 689 412 747 adulatio
432 685 458 748 fl
476 688 590 750 leuitas.
603 689 729 747 Fluliuat
746 689 854 760 Galba,
870 711 906 747 an
922 712 969 748 oc-

286 773 451 829 currendum.
475 769 508 830 V
503 792 572 830 anus
583 773 615 828 de
630 769 740 833 Othone
751 773 838 828 occiso
849 791 942 829 rumor
955 796 967 830 .·

287 853 352 910 inde
375 851 459 926 proni
481 874 572 916 omnes
598 852 629 909 in
658 850 783 910 Galbam.
811 847 854 911 At
880 853 969 932 castra

281 933 384 1012 sciverit
409 931 524 990 Othoni.
551 931 628 990 Otlro
643 933 765 990 militum
781 934 890 991 animos
906 955 969 992 ora-

287 1015 363 1072 tione
376 1013 430 1072 sibi
445 1013 575 1072 conciliat
581 1035 595 1085 ‚·
617 1013 712 1072 Galba
723 1010 750 1073 ἃ
761 1014 863 1072 Pisoni
877 1017 969 1073 reddit

205 1112 208 1116 '
287 1095 405 1175 infestos.
425 1093 515 1154 Arma
537 1095 623 1153 militi
640 1096 753 1155 diuidit.
770 1093 917 1172 Agitatum
934 1099 968 1156 de

287 1179 356 1234 eade
382 1175 464 1236 Vinii
485 1199 491 1232 :
515 1175 607 1235 Galba
618 1179 733 1256 fluiiuat
754 1175 856 1248 :plebs
873 1193 966 1236 nutat.

294 1256 451 1315 Othoniani
465 1254 560 1334 forum
577 1259 737 1330 irrumpunt.
764 1257 856 1314 Galla
877 1259 969 1316 deser-

289 1356 353 1408 tus,
365 1340 427 1396 dein
438 1339 560 1407 occisus,
570 1360 629 1396 cum
646 1338 679 1396 T.
700 1339 797 1397 Vinio.
809 1337 969 1412 Sempronii

289 1418 384 1478 Densi
400 1419 481 1497 fides.
507 1419 578 1477 Piso
602 1441 693 1478 casus.
719 1419 835 1478 Cadium
851 1422 970 1492 prumia

286 1517 427 1576 poscentes
446 1499 588 1578 interfeili.
606 1499 724 1559 Senateis
737 1501 869 1559 adulatio.
890 1500 970 1559 Otho

290 1582 442 1640 coercendis
455 1581 575 1639 rnilitum
581 1581 722 1658 furoribus
739 1582 829 1654 impar
846 1605 857 1637 .·
874 1581 898 1638 ii
913 1605 970 1642 ua-

284 1664 412 1724 cationes
429 1663 538 1720 remitti
557 1681 664 1736 petunt.
692 1665 779 1721 Cades
797 1662 915 1720 Laconis
942 1662 970 1722 a

290 1743 369 1804 Icelr'.
383 1741 536 1802 Pisonis&
554 1743 586 1802 T.
605 1743 687 1803 Vinii
696 1744 849 1817 sepultura,
861 1743 969 1823 elogia,
988 1736 990 1741 ¹

290 1827 455 1907 testamenta.
481 1823 576 1885 Galba
592 1827 746 1899 sepultura,
766 1844 850 1896 atas,
868 1825 970 1885 nobili-

292 1927 357 1981 tas,
371 1928 478 1985 mores,
495 1906 618 1966 honores.
634 1907 732 1967 Pauor
746 1907 820 1968 urbis
831 1907 862 1964 ob
880 1929 971 1967 mores

297 1988 439 2057 Otlzonis,
459 1988 587 2057 Vitellii,
604 1988 782 2062 Vespasiani.
802 1988 891 2045 Initia
916 1991 971 2049 Vi·

292 2069 403 2128 telliani
421 2068 508 2127 motils
528 2092 562 2127 ex
574 2069 644 2127 bello
665 2070 809 2137 Vindicis,
825 2066 851 2128 ὅ)
867 2074 971 2129 secutis

290 2152 355 2209 inde
368 2150 513 2209 discordiis
523 2152 597 2209 inter
604 2152 721 2229 legiones
735 2148 762 2211 El
777 2147 885 2211 Gallos.
909 2153 969 2210 Vi-

292 2232 388 2291 tellius
407 2253 456 2289 suo
473 2233 581 2309 ingenio
601 2234 739 2311 ignauus,
761 2232 859 2291 adres
880 2254 970 2293 novas

287 2315 477 2397 stimulatura
496 2311 654 2377 Valente&
678 2314 781 2372 Catina
793 2314 900 2392 legatis.
916 2315 970 2373 Le·

291 2398 386 2474 giones
414 2394 562 2467 superioris
598 2396 786 2473 inferiorisque
815 2395 972 2455 Germania

287 2477 373 2556 fidem
383 2477 413 2532 in
426 2474 544 2533 Galbam
553 2476 890 2553 exsuunt,persegnitiam
898 2476 972 2535 Hor·

294 2558 387 2617 daonii
395 2556 487 2615 Flacci
497 2558 589 2633 legati.
610 2558 714 2617 Valens
725 2551 878 2617 'Vitellium
885 2560 970 2632 impe·

295 2657 412 2697 ratonem
432 2639 601 2707 consalutat,
615 2660 712 2715 magno
731 2640 850 2696 militurn
858 2640 970 2718 fludio,

295 2719 391 2796 quibus
401 2718 594 2794 poscentibus,
606 2722 686 2779 multi
701 2720 763 2779 casi
781 2722 855 2778 :sed
867 2721 970 2781 Ciuilis
