2100 3650
252 226 561 351 Hrsrournuurt
576 280 660 349 ltu.
678 280 722 351 V.
752 303 814 373 355

140 398 284 483 suppressi
305 420 340 459 ue
376 397 499 459 hostium
529 398 658 471 ferociit,
692 400 822 478 proeliutn

285 422 374 541 qinter
391 502 452 562 quse
473 479 592 564 perfuga
611 481 732 541 Batavus
750 481 822 542 adiit

140 504 164 541 ae
186 500 275 543 uatur.

140 504 308 633 Citialetn,
334 580 408 639 terga
436 562 550 643 hostium
578 564 764 641 promittens,
792 564 822 622 si

138 664 259 704 extremo
280 645 392 717 paludis
414 665 490 720 eques
505 644 656 701 mitteretur
673 668 683 701 .·
701 644 821 703 solidum

139 726 217 796 illo,
239 722 265 785 u
296 724 457 803 Cugernos,
479 724 574 801 quibus
595 726 712 804 custodia
737 724 820 786 obve-

139 809 246 877 nisset,
254 828 353 880 parum
361 807 491 864 intentos.
508 805 580 865 Duae
598 807 648 865 alte
658 851 668 877 ,
680 827 745 865 cum
761 827 821 885 per·

139 884 213 970 fuga
233 888 346 958 missae,
368 889 482 945 incauto
504 883 578 944 hosti
594 885 822 947 circumfundun-

139 987 185 1027 tur
207 992 214 1027 ε
258 967 316 1027 uod
333 967 383 1027 ubi
401 968 524 1027 clamore
544 970 710 1050 cognitum,
726 969 821 1051 legio·

138 1070 188 1109 nes
209 990 334 1109 aironte
354 1049 522 1119 incubuere,
536 1051 664 1130 pulsique
681 1050 819 1110 Germani

139 1128 273 1191 Rhenum
306 1127 375 1212 fugit
400 1130 541 1209 petebant,
571 1131 754 1190 Debellatum
781 1152 818 1191 eo

140 1210 187 1271 die
205 1210 297 1283 foret,
319 1212 343 1271 si
358 1211 491 1279 Romana
514 1212 610 1271 classis
627 1213 706 1292 sequi
725 1230 820 1271 matu-

127 1312 235 1353 rasset.
258 1292 305 1353 Ne
326 1312 409 1372 eques
429 1292 545 1374 quidem
569 1291 687 1364 institit,
708 1312 820 1373 repente

141 1372 212 1435 fusis
236 1374 392 1444 imbribus,
414 1383 441 1435 δι
463 1372 620 1455 propinqui
638 1378 730 1435 noste.

181 1454 264 1515 XIX.
286 1451 398 1514 Posteri
420 1454 485 1527 die,
507 1456 719 1537 quartadecima
742 1455 819 1538 legio

142 1537 174 1595 in
200 1538 370 1618 superiorem
402 1538 577 1616 provintiam
604 1538 692 1598 Gallo
721 1537 819 1600 Annio

141 1618 227 1679 missa
245 1642 252 1676 t
274 1616 395 1679 Cerialis
413 1620 563 1678 exercitum
581 1618 691 1679 decima
706 1640 739 1678 ex
753 1618 821 1678 His·

142 1700 227 1780 pania
251 1699 328 1783 legio
348 1699 493 1780 supplevit.
521 1700 612 1761 Civili
635 1698 820 1762 Chaucorum

127 1781 248 1845 uotiua
270 1800 368 1842 tenere
390 1803 397 1838 ε
417 1802 477 1841 non
499 1800 596 1842 tamen
616 1803 698 1843 ausus
714 1781 821 1862 oppida

141 1861 314 1925 Batavorum
334 1864 419 1921 armis
438 1865 530 1934 tueri,
549 1865 654 1944 raptis,
674 1885 736 1944 quae
752 1863 818 1923 ferri

142 1963 289 2024 poterant,
307 1945 402 2002 ceteris
420 1946 524 2023 injesto
544 1946 625 2027 igni,
646 1947 676 2004 iu
696 1946 818 2005 insulam

142 2027 301 2095 concessit,
327 2047 428 2108 gnarus
445 2026 539 2086 deesse
562 2047 647 2086 naves
670 2027 817 2086 efficiendo

142 2109 246 2186 ponti,
270 2127 359 2187 neque
380 2109 531 2166 exercitum
553 2107 717 2168 Romanum
739 2110 819 2169 aliter

141 2189 366 2251 transmissurum
387 2211 394 2246 ε
415 2190 484 2268 quin
500 2198 527 2249 δι
546 2188 630 2249 diruit
650 2191 780 2262 molem,
799 2212 818 2252 a

141 2268 240 2330 Druso
265 2269 437 2330 Germanico
460 2270 584 2340 fastam,
610 2269 818 2352 Rhenumque,

143 2370 235 2429 prono
252 2351 332 2410 alveo
352 2352 382 2409 in
400 2351 527 2412 Gelliam
545 2371 694 2422 ruentem,
716 2351 818 2430 disjec-

142 2430 178 2489 tis
205 2453 267 2512 quae
303 2431 508 2503 morabantur,
534 2429 643 2492 effudit.
671 2434 718 2492 sic
740 2433 818 2492 velut

141 2511 246 2571 abaeto
267 2533 371 2583 amne,
397 2514 618 2584 tenuissimus,
635 2515 755 2573 insulam
776 2516 818 2574 in·

145 2610 186 2651 ter
202 2593 438 2676 Germanosque,
459 2598 664 2654 continentium
684 2616 817 2655 terrarum

142 2676 264 2752 speciem
284 2675 393 2736 fecerat.
412 2677 559 2736 Transiete
574 2674 707 2736 Rhenum
725 2677 818 2736 Tutor

143 2775 274 2838 quoque,
291 2767 318 2819 &
337 2757 494 2830 Classicus,
510 2768 537 2819 δι
556 2778 668 2818 centum
684 2757 817 2819 tredecim
