2100 3650
237 269 546 336 HierorerArurr
571 265 655 336 Lis.
679 267 709 336 1.
771 289 811 354 13

138 387 236 446 excita
255 409 272 446 a
288 385 403 446 Nerone
423 385 572 479 legiones,
594 385 663 446 dum
685 388 716 447 in
733 387 817 448 ltalia

139 471 327 535 condiantur,
343 467 514 550 Verginium
536 466 726 549 legationibus
740 469 816 530 adis-

138 565 209 606 sent.
229 546 284 607 Sed
304 549 397 630 longis
418 549 516 627 spatiis
536 547 647 608 disereu'
663 551 816 622 exercitus,

138 628 217 708 quod
242 628 453 688 saluberrimum
481 626 520 688 est
548 627 586 688 ad
613 629 817 690 continendam

137 709 293 770 militarem
318 707 403 768 fidem
417 755 429 779 ,
446 729 498 768 nec
520 711 619 780 vitiis,
641 723 693 770 net
709 711 816 772 vitibus

135 791 336 850 miscebanttu.

142 907 145 918 ι
178 871 219 930 Χ.
244 872 347 931 Oriens
368 868 459 932 adhuc
477 873 622 932 immotus.
641 872 771 952 Syriam,
786 880 815 934 dc

137 972 260 1032 quatuor
278 951 404 1034 legiones
423 951 572 1012 obtinebat
592 954 718 1012 Licinius
738 953 814 1012 Mu-

138 1035 236 1094 cianus
246 1079 258 1106 ,
278 1034 321 1092 vit
339 1032 464 1094 secundis
483 1033 660 1115 advertitque
673 1032 751 1114 juxta
769 1031 816 1094 fa-

137 1135 245 1174 mosus.
270 1113 396 1196 Insignes
424 1116 563 1178 amicitias
585 1117 692 1190 juvenis
714 1113 814 1176 ambi-

137 1195 210 1256 tiose
235 1195 385 1256 coluerat:
409 1215 477 1255 mox
500 1197 601 1256 attritis
622 1197 746 1274 opibus,
770 1197 816 1256 lu·

136 1276 218 1334 brino
237 1275 330 1345 statu,
356 1273 480 1355 suspeelei
508 1278 595 1336 etiam
614 1277 732 1337 Claudii
753 1277 813 1337 ita·

136 1357 263 1428 cundia,
283 1358 312 1416 in
328 1377 463 1417 secretum
480 1355 556 1418 Asiae
579 1359 734 1438 repositus,
754 1377 815 1418 tato

135 1439 225 1518 prope
240 1439 276 1498 ab
291 1439 385 1497 exsule
398 1435 471 1507 fuit,
489 1437 575 1518 quim
593 1437 688 1519 postea
707 1460 725 1500 a
741 1440 815 1520 ptin-

137 1521 210 1599 cipe.
231 1516 372 1590 Luxuril,
393 1515 547 1591 industrii,
567 1521 719 1590 comitate,
741 1541 817 1580 arto·

134 1599 256 1684 gentile,
282 1601 364 1660 melis
385 1599 522 1680 bonisque
548 1601 653 1660 artibus
676 1602 780 1661 mixttts
804 1623 814 1660 t

133 1683 232 1742 nimia
261 1681 444 1760 voluptates,
468 1701 557 1760 quum
576 1702 686 1742 vacaret
706 1705 714 1740 a
735 1703 813 1762 quo-

132 1765 205 1822 tiens
220 1763 396 1843 expedierat,
421 1781 532 1842 magnae
555 1762 696 1824 virtutes:
719 1763 815 1843 palam

137 1844 290 1915 laudares,
324 1864 427 1905 secreta
460 1845 536 1903 male
566 1844 728 1906 audiebant.
758 1846 816 1906 Sed

134 1926 210 2006 apud
242 1927 399 2006 subjetios,
435 1925 509 2004 apud
539 1928 703 2004 proximos,
739 1925 816 2007 apud

133 2008 206 2067 colle
229 2029 279 2077 as,
303 2008 385 2067 variis
410 2007 558 2067 inlecebris
578 2026 700 2086 potensi
721 2015 749 2067 &
769 2010 815 2068 tui

134 2109 202 2169 expe
226 2086 290 2147 ‘titis
310 2086 392 2147 feeerit
413 2086 517 2149 tradere
538 2090 710 2168 imperium,
726 2085 814 2169 quim

133 2171 273 2229 obtinere.
300 2169 409 2229 Bellum
430 2168 580 2231 Iudaicum
600 2170 712 2229 Flavius
737 2170 814 2230 Ves-

134 2253 264 2331 pasianus
289 2249 419 2321 (ducem
442 2270 505 2309 eum
535 2250 614 2311 Nero
639 2249 780 2333 delegerat
800 2260 814 2325 1

135 2334 224 2391 tribus
243 2332 403 2413 legionibus
423 2329 647 2391 administrabat,
664 2332 726 2391 Nec
741 2332 814 2391 Ves-

135 2416 257 2494 pasiano
268 2412 395 2473 adversus
410 2412 535 2473 Galbam
552 2432 651 2473 votum
665 2457 674 2483 ,
687 2432 737 2473 aut
748 2414 830 2473 ani--

137 2516 210 2555 mus.
227 2495 341 2573 Quippe
362 2493 462 2553 Titum
482 2492 572 2553 filiurn
593 2494 630 2553 ad
647 2496 811 2555 veneratio-

137 2596 203 2635 nem
222 2576 383 2655 cultumque
399 2578 457 2651 ejus
473 2577 605 2645 miserat,
627 2594 658 2634 ut
673 2597 723 2635 suo
745 2577 812 2636 loco

137 2656 367 2717 memorabimus.
393 2654 514 2717 Occulti
536 2656 599 2736 lege
619 2654 692 2727 fati,
716 2665 744 2716 &
764 2678 813 2717 os·

136 2740 240 2810 tentis,
268 2758 301 2801 at
328 2739 490 2817 responsis,
513 2735 679 2799 destinatum
699 2738 813 2821 Vespa}
