2100 3650
197 267 240 333 88
318 263 356 330 C.
384 262 535 331 Curru.
567 262 750 329 TAcrer

194 380 339 463 majestate
368 428 379 453 ,
415 368 551 462 prosperae
591 364 770 461 Vespasiani
799 400 873 455 res,

141 480 145 491 ’
195 485 320 547 presaga
338 484 487 543 responsa,
510 471 537 521 &
551 462 690 521 inclinatis
704 461 741 521 ad
758 462 873 523 creden-

195 545 262 604 dum
280 546 400 615 animis,
415 545 480 601 loco
495 545 627 602 ominum
640 544 726 603 etiam
746 540 872 607 fortuita.

194 626 258 687 Ubi
276 623 412 688 Corinthi
423 622 570 702 ,Achaiae
587 624 673 695 urbe,
693 643 781 700 certos
801 646 874 685 nun·

196 709 256 767 cios
281 708 389 787 accepit
415 705 449 767 de
474 707 587 766 interitu
612 704 730 785 Galba,
756 714 783 767 &
804 706 873 765 ade-

194 807 275 858 rant,
293 791 344 871 qui
364 808 444 848 arma
459 787 589 857 Vitellii,
607 787 770 868 bellumque
791 786 873 848 adfir·

196 889 323 941 marene,
342 871 440 929 anxius
464 870 581 939 animo,
599 889 694 949 paucis
715 888 875 933 amicorum

195 948 354 1027 adhibitis,
377 954 479 1012 cundia
501 952 641 1036 utrimque
663 947 815 1028 perlustqaa
838 949 875 1008 Si

190 1052 314 1111 pergeret
337 1034 368 1091 in
385 1032 492 1103 urbem,
513 1032 618 1092 nullam
636 1030 717 1111 officii
733 1034 873 1109 gratiam,

195 1115 227 1173 in
236 1114 351 1173 alterius
361 1110 488 1172 horrorem
496 1114 614 1187 suseepti
627 1137 637 1171 .·
650 1112 682 1171 ae
691 1136 721 1171 se
730 1110 873 1184 Vitellio,

194 1197 257 1256 siue
274 1195 606 1273 Othoni,obsidemfhre.
623 1193 677 1253 Sin
688 1196 787 1254 rediret
795 1217 809 1268 5
824 1195 871 1272 of-

188 1277 301 1354 fensam
318 1276 393 1335 haud
408 1276 517 1335 dubiam
539 1277 651 1337 vilioris
673 1299 683 1333 :
704 1277 754 1334 sed
770 1276 875 1335 incerte

197 1356 284 1416 adhuc
297 1359 414 1417 νὶέῖονὶά
423 1354 474 1427 ,ἃ
494 1360 649 1415 concedente
668 1357 698 1413 in
715 1374 810 1429 partes
819 1380 875 1431 pa-

195 1456 253 1508 tre,
258 1439 351 1516 filium
360 1456 526 1496 excusatum.
539 1434 592 1496 Sin
607 1436 796 1511 Vespasianus
807 1460 875 1497 rem·

190 1518 257 1594 pub.
277 1522 439 1593 susciperes,
458 1518 675 1579 obliviscendum
690 1517 853 1596 offensarum
860 1566 874 1593 ,

196 1596 317 1660 debello
334 1599 544 1679 agitantibats.'‚
815 1641 821 1653 .
873 1594 877 1602 ⁸
915 1657 919 1664 ,

236 1680 275 1740 ΙΙ.
291 1681 346 1742 His
362 1702 397 1741 ac
412 1681 514 1741 talibus
530 1682 602 1739 inter
614 1700 692 1761 spem
711 1698 876 1763 metumque

204 1765 350 1834 adratum,
369 1782 430 1845 spes
447 1763 524 1821 vicit.
542 1762 649 1832 Fuere,
667 1763 718 1844 qui
734 1784 876 1822 accensum
942 1792 944 1795 ·

196 1847 333 1906 desiderio
344 1846 488 1906 Berenices
500 1846 612 1923 regine,
629 1843 746 1906 vertisse
756 1846 877 1904 itenere-

198 1927 302 1988 derena
324 1926 425 2008 Neque
446 1923 618 1986 abhorrebat
636 1949 652 1985 a
676 1925 806 1984 Berenice
825 1930 874 2004 ju·-

196 2009 298 2069 veniiis
320 2010 456 2068 animus:
478 2007 527 2066 sed
554 2006 682 2090 gerendis
709 2001 789 2067 rebus
812 2009 876 2067 nul-

197 2090 257 2149 ium
280 2087 317 2147 'ex
345 2109 379 2148 eo
408 2088 643 2170 impedimentum
671 2110 678 2144 τ
703 2087 797 2148 laetam
826 2097 878 2148 vo·

197 2171 350 2250 luptatibus
373 2169 590 2230 adolescentiam
615 2171 767 2254 egit,.suo
785 2167 875 2251 quim

198 2252 284 2333 patris
314 2252 434 2330 imperio
475 2249 636 2311 modestior.
670 2250 761 2332 lgirur
793 2271 878 2312 orem

198 2329 334 2404 Achaia,
360 2341 388 2392 dr
415 2332 509 2404 Asiae,
539 2355 572 2392 ac
595 2329 672 2392 Iaeva'
688 2333 774 2392 maris
801 2351 876 2414 pres·

199 2417 312 2485 aeirus,
329 2411 465 2473 Rhodum
479 2413 650 2496 &Cyprum
669 2414 791 2484 insulas,
807 2415 878 2474 inde

198 2495 311 2574 Syriam
328 2496 538 2556 audentioribus
559 2497 655 2578 spatiis
674 2495 796 2576 petebat.
822 2497 880 2556 At·

199 2595 254 2656 que
282 2576 362 2636 illum
388 2577 491 2657 cupido
520 2579 657 2649 incessit,
686 2575 807 2636 adeundi
826 2580 876 2637 vi-

199 2656 333 2736 sendique
361 2659 498 2738 tempium
527 2657 640 2739 Paphiae
665 2653 808 2732 Veneris,
835 2661 864 2717 in

200 2737 306 2819 clytum
331 2759 380 2820 per
409 2740 556 2824 indigenas
578 2741 764 2822 advenasque.
788 2693 881 2802 Haud
901 2827 908 2840 .
