2100 3650
147 317 152 322 ⁴
232 321 282 385 94
358 297 396 368 C.
423 295 580 370 Corn.
613 296 820 364 TAcrrr

234 457 237 464 -
268 415 321 477 IX.
348 417 524 479 Gliscencem
556 417 586 476 in
617 414 677 474 dies
706 413 818 494 famam
850 411 914 475 fors
963 470 966 478 ,

228 498 362 562 discussit.
388 498 536 558 Galatiam
558 519 594 557 ac
611 493 813 576 Pamphyliam
836 515 911 574 pro-

227 580 364 651 vincias,
393 578 552 658 Calpurnio
589 577 738 657 Asprenati
769 576 912 658 regendas

228 660 324 723 Galba
340 661 521 739 permiserat:
535 657 606 718 data
620 657 732 719 celasse
749 657 911 718 Misenensi

227 741 288 801 duae
300 741 425 800 triremes
440 740 478 800 ad
489 738 732 820 prosequendum,
751 757 817 797 eum
838 741 911 819 qui-

228 821 279 880 bus
291 818 442 901 Cythnum
453 821 575 882 insiciam
587 821 685 880 tenuit.
700 819 763 880 Nec
775 817 910 891 defuere,

227 903 279 982 qni
296 900 460 962 trierarchos
478 902 596 962 nomine
615 900 739 960 Nemnis
756 902 883 962 accirent
901 923 910 960 t

225 985 252 1042 is
266 985 297 1042 in
310 981 475 1044 mestitiam
491 983 681 1062 compositus,
697 989 724 1041 &
730 983 818 1062 fidem
836 1005 910 1044 suo-

228 1086 289 1124 rum
299 1067 432 1141 quondm
445 1065 565 1122 militum
580 1063 736 1132 invocans,
755 1082 786 1121 ut
800 1085 861 1122 eam
876 1065 912 1124 irc

227 1143 337 1226 Syria,
355 1163 404 1204 ortt
418 1148 538 1224 AEgypto
555 1143 679 1224 sisterent
694 1144 804 1210 orabat.
823 1143 911 1204 Trie-

228 1225 321 1287 rarchi
334 1245 482 1297 nutantes,
495 1223 641 1296 seudolo,
659 1226 841 1302 adloquendos
852 1226 911 1286 sibi

227 1309 354 1378 milites,
374 1304 525 1381 &pararis
542 1308 663 1368 omnium
684 1307 789 1374 animis
811 1329 909 1368 rever-

227 1411 307 1449 suros
336 1387 523 1452 firmaverunt.
548 1384 603 1448 Sed
624 1387 775 1524 Asprenati
805 1391 910 1454 cuncta

229 1489 265 1530 cx
281 1468 337 1528 fide
353 1470 512 1528 nuntiata=
534 1472 612 1545 cujus
633 1489 668 1528 co
689 1469 830 1536 erratione
853 1490 910 1530 ex-

228 1569 354 1633 pugnata
369 1550 466 1620 navis,
486 1557 514 1608 &
534 1546 695 1610 interfecbus
712 1550 839 1649 quiscpuis
860 1551 910 1610 ille

228 1650 296 1692 erat.
321 1630 432 1710 Corpus
459 1631 570 1712 insigne
591 1631 701 1700 oculis,
719 1646 860 1712 comaque
879 1641 910 1692 &

197 1774 201 1789 ,
228 1714 359 1774 torvitate
384 1708 497 1781 vultis,
520 1713 551 1770 in
577 1710 697 1782 Asiam,
724 1729 810 1792 atque
841 1712 910 1774 inde

227 1793 354 1865 Romam
375 1795 534 1873 pervectum
557 1789 603 1855 est,

233 1920 237 1925 -
269 1875 307 1937 X.
324 1876 359 1937 ln
374 1872 651 1945 civitatediscordi,
670 1882 716 1945 δι,
737 1875 777 1933 ob
797 1875 909 1937 crebras

228 1958 387 2038 principum
419 1957 611 2023 mutationes,
641 1956 712 2015 inter
746 1956 908 2019 libertatem

227 2060 263 2110 ac
282 2039 428 2099 licentiam
446 2039 603 2106 incertam,
622 2057 713 2117 parva
724 2058 847 2119 ,quoque
865 2060 909 2099 res

228 2121 341 2201 magnis
361 2116 487 2194 motibus
506 2117 671 2199 agebantur.
694 2116 800 2181 Vibius
825 2119 910 2181 Cris,

228 2221 300 2281 pus,
330 2195 470 2279 pecunib,
498 2196 651 2297 potentii,
681 2199 798 2281 ingenio
834 2202 910 2261 inter

228 2281 319 2347 clatos
335 2280 446 2360 magis,
461 2300 548 2359 qnam
565 2280 635 2339 inter
652 2279 761 2351 bonos,
775 2280 908 2343 Annium

230 2359 362 2421 Faustum
378 2357 508 2441 equestris
522 2359 646 2429 ordinis,
666 2363 715 2441 qui
729 2362 909 2442 temporibus

229 2441 353 2515 Neronis
366 2441 520 2501 delationes
535 2440 710 2503 face-invent
720 2486 730 2513 ,
741 2442 779 2503 ad
796 2447 907 2526 cogni-¹

231 2526 340 2585 tionem
368 2520 479 2584 senariis
516 2522 648 2584 vocabat.
677 2523 756 2585 Nam
787 2526 908 2599 recens,

230 2606 332 2673 Galbae
357 2606 530 2686 principatu,
562 2624 723 2677 censuerant
751 2624 843 2685 patres
877 2626 910 2669 ut

230 2705 415 2755 muratarum
432 2707 519 2753 causa
533 2698 712 2747 noscerentur.
732 2685 766 2747 ld
784 2707 910 2749 senatus·

231 2768 419 2841 consultum,
453 2766 529 2831 varie
557 2770 725 2857 inciacum,
761 2777 789 2831 ὃς
823 2788 909 2850 prout
