2100 3650
200 303 507 370 HisTORIARUM
521 301 605 370 Lm.
625 303 655 370 Ι.
718 316 770 394 45·

89 421 213 501 imperio
234 419 362 491 felicior,
378 418 464 501 quim
487 441 547 482 suo.
567 423 658 482 Vetus
672 424 702 482 in
721 424 766 484 fa-

91 503 172 562 milia
184 501 340 574 nobilitas,
354 523 463 584 magnae
472 523 539 582 opes
553 527 560 560 t
576 505 628 584 ipsi
641 504 768 566 medium

93 585 240 665 ingenium
252 629 264 652 ‚
284 585 377 666 magis
395 601 469 642 extra
487 585 572 654 vitia,
594 583 680 666 quim
702 607 768 647 eunt

92 665 250 724 virtutibus.
272 665 366 722 Famae
383 685 433 722 nec
448 666 621 737 incuriosus,
635 687 685 725 nec
697 689 768 728 ven⁴

94 746 207 805 ditator.
239 745 368 804 Pecuniae
392 745 488 804 alienae
513 767 573 805 non
605 766 736 826 appetens
754 795 767 822 ,

94 847 148 886 suae
178 845 302 907 parcus,
329 825 445 905 publicae
472 847 579 886 avarus.
601 828 768 889 Amicorum

93 908 341 985 libertorumque,
361 907 410 964 ubi
440 908 469 964 in
493 907 584 966 bonos
606 908 768 984 incidisset,

93 991 154 1050 sine
182 983 396 1068 reprehensione
422 989 529 1066 patiens
541 1009 551 1058 ς
576 990 600 1047 si
627 991 695 1049 mali
717 989 767 1049 fo-

93 1086 177 1138 rent,
198 1088 284 1148 usque
303 1067 339 1126 ad
363 1069 474 1148 culpam
491 1071 613 1152 ignarus·
634 1070 689 1130 Sed
710 1072 769 1132 cla,

93 1151 163 1209 ritas
188 1148 346 1218 natalium,
367 1157 394 1208 &
415 1167 505 1208 metus
528 1169 685 1229 temporum
709 1154 767 1211 ob,

94 1232 212 1300 tentui,
236 1249 267 1288 ut
286 1229 364 1310 quod
381 1232 501 1324 segnitia
523 1249 605 1301 erat,
632 1233 769 1312 sapientia

94 1331 252 1370 vocaretur.
281 1311 361 1370 Dum
395 1312 510 1392 vigebat
540 1329 628 1379 aetas,
654 1310 771 1376 militari

94 1392 180 1452 laude
200 1389 275 1471 apud
299 1391 466 1452 Germanias
479 1394 580 1452 floruit.
599 1391 768 1456 proconsule

95 1472 227 1534 Africam
251 1472 417 1542 moderate3
436 1476 495 1550 jam
516 1475 631 1544 senior,
658 1476 767 1534 citerio-

95 1575 155 1614 rem
186 1554 371 1632 Hispanlam,
386 1554 445 1633 pari
467 1552 571 1632 justini
594 1557 733 1614 continuit
758 1579 766 1619 3

95 1639 193 1716 major
212 1636 321 1715 privato
346 1635 440 1704 visus,
460 1634 529 1694 dum
550 1637 671 1715 privatus
691 1635 767 1711 fuit,

94 1725 124 1782 ἃ
145 1718 278 1776 omnium
303 1735 438 1778 consensu
459 1735 546 1797 capax
560 1717 690 1798 imperii,
713 1718 770 1778 nisi

92 1817 265 1879 imperasset.

140 1881 176 1940 L.
200 1877 355 1960 Trepidam
374 1878 491 1949 urbem,
512 1899 546 1937 ac
564 1878 649 1937 simul
665 1880 768 1936 atroci-

99 1978 189 2020 tatem
203 1962 318 2020 tecentis
330 1960 453 2030 sceleris,
466 1960 549 2019 simul
560 1978 664 2020 veteres
675 1956 771 2017 Otho·

98 2043 144 2102 nis
174 2062 267 2102 mores
293 2060 463 2121 paventem,
488 2060 579 2100 novus
604 2041 714 2120 iusuper
736 2042 785 2101 de-

104 2122 227 2184 Vitellio
258 2124 374 2181 nuncius
398 2123 545 2191 exterruit,
570 2140 635 2181 ante
664 2120 768 2181 caedem

99 2202 203 2265 Galbee
226 2222 410 2283 suppressus,
435 2221 465 2261 ut
490 2217 600 2261 tantum
623 2203 770 2280 superioris

99 2283 263 2352 Germauiae
281 2285 430 2343 exercitum
446 2283 591 2351 descivisse
608 2282 768 2345 crederetur.

99 2363 181 2423 Tum
213 2367 280 2424 duos
300 2410 312 2436 ,
345 2365 464 2423 omnium
494 2364 660 2423 mortalium
680 2365 769 2437 impu-

99 2447 216 2516 dicitici,
229 2448 362 2525 ignavie,
379 2446 489 2504 luxurlei
504 2446 679 2513 deterrimos,
694 2445 770 2504 velue

98 2531 139 2587 ad
156 2530 320 2602 perdendum
346 2527 487 2600 imperium
500 2526 633 2602 finaliter
651 2527 769 2600 eleelos,

98 2630 159 2669 non
182 2627 292 2668 senatus
314 2606 402 2667 modo
425 2616 452 2667 δε
475 2626 490 2664 e
511 2626 575 2676 ues,
596 2606 658 2685 quis
676 2605 769 2685 aliqua

99 2710 163 2769 pars
189 2699 216 2750 δι
239 2710 303 2748 cura
332 2689 371 2747 rei
391 2688 437 2747 ub.
465 2628 513 2747 sei
534 2687 634 2768 vulgus
658 2706 771 2767 quoque

98 2772 197 2857 palam
224 2710 401 2833 moretuil

402 2790 433 2830 ee
461 2773 520 2850 jum
545 2768 665 2831 recentia
694 2764 791 2828 seve
