2100 3650
201 281 514 352 HrsronrArurc
527 281 660 352 [ιω.
718 307 766 372 4⁷

90 401 199 480 paratis
222 401 361 480 utrimque
395 401 623 480 corruptoribus,
650 410 679 463 δι
704 423 768 484 per·

91 478 165 540 fidia
190 481 337 560 impuniti.
367 481 456 552 Viri,
484 503 593 554 arma,
624 485 710 564 equi,
730 483 768 546 ad

92 582 201 632 usum,
218 570 247 621 δι
264 560 300 620 ad
317 560 423 634 decus,
444 581 610 640 supererant.
629 563 685 623 Sed
704 585 770 626 anre

93 641 226 712 bellurn,
250 644 385 702 centurias
402 661 512 702 rantum
527 663 590 704 suas
608 663 769 728 mimasque

95 742 237 782 noverant
262 745 269 780 a
292 725 425 782 exercitus
444 721 548 784 finibus
562 727 768 803 provinciarum

94 801 324 862 discernebantur
346 827 353 860 r
380 821 441 862 turn
460 803 593 864 adversus
615 804 770 868 Vindicem

95 885 248 942 contradic
270 883 415 964 legiones,
439 905 523 966 aeque
544 895 571 945 δι
593 885 704 948 Gallias
723 907 771 948 ex·

96 983 201 1044 pertz,
226 985 344 1044 quaerere
368 985 459 1026 rursus
482 987 592 1037 arma,
625 988 772 1050 novasque

96 1043 252 1106 discordias
261 1067 272 1115 3
290 1066 340 1105 nec
356 1047 468 1118 socios,
485 1066 518 1107 ut
534 1047 621 1119 olim,
636 1047 685 1109 red
699 1049 770 1110 hos·

97 1144 163 1196 tes,
187 1134 214 1185 δι
232 1127 317 1186 vidior
337 1125 487 1186 vocabant.
510 1127 573 1188 Nec
595 1128 690 1189 deerat
708 1151 773 1210 pars

97 1205 278 1278 Gallianun,
295 1227 356 1287 quc
375 1204 507 1268 Rhenum
523 1209 642 1279 accolit,
659 1209 773 1273 easdem

98 1305 192 1367 partes
212 1305 324 1358 secura,
343 1308 376 1346 ac
391 1306 452 1348 turn
466 1290 602 1349 acerrima
617 1288 775 1374 instigatrix

22 1371 23 1374 ’
98 1366 231 1428 adversus
257 1367 409 1428 Galbianos
434 1393 446 1426 .·
470 1366 527 1429 hoc
545 1372 622 1430 eninr
642 1393 773 1446 nornen,

102 1446 230 1508 fastidito
255 1449 400 1520 Vindice,
418 1449 585 1514 indiderant.
605 1451 696 1535 Igitur
715 1455 773 1514 Sc-

103 1531 206 1610 quanis
224 1527 397 1611 AEduisque,
419 1551 452 1590 ac
472 1529 593 1604 deinde,
607 1552 689 1613 prout
700 1555 775 1615 opu·

101 1611 191 1670 lentia
212 1611 370 1672 civitatibus
388 1629 462 1681 erar,
485 1611 605 1684 infensi,
629 1632 776 1697 expugna·

103 1693 198 1750 tiones
220 1691 357 1762 urbiurn,
388 1693 582 1831 §epulationes
611 1715 775 1777 agrorum,

104 1792 199 1852 raptus
223 1773 370 1835 Penatium
411 1793 540 1835 auserunt
554 1776 652 1835 animo
671 1797 678 1832 τ
695 1797 777 1855 supet

104 1855 256 1915 avaritiam
274 1863 301 1915 δι
320 1856 527 1935 arrogantiam,
547 1858 682 1935 praecipua
698 1858 776 1917 vali·

106 1933 220 1995 diorum
234 1936 325 2006 vitia,
346 1933 524 1996 contumacia
541 1935 691 1995 Gallorum
710 1940 776 1997 irri-

106 2018 186 2087 tati,
207 2017 258 2096 qui
276 2018 417 2075 remissam
437 2015 492 2075 sibi
510 2038 529 2073 α
548 2015 640 2076 Galba
654 2036 780 2094 quartam

108 2096 269 2157 tributorum
276 2115 400 2171 portem,
420 2093 447 2155 ἃ
461 2096 569 2171 publice
591 2100 728 2172 donans,
746 2102 779 2161 itt

106 2180 289 2257 ignominiam
314 2179 445 2237 exercitiis
477 2178 627 2254 jactabant.
654 2180 778 2241 Accessit

110 2257 212 2319 callide
238 2258 406 2339 vulgarum,
433 2276 536 2317 temere
556 2259 706 2332 creditum,
729 2265 778 2321 de·

109 2342 214 2399 tumori
233 2340 366 2417 legiones,
381 2337 408 2399 ἃ
416 2342 647 2413 promptissimum
655 2364 780 2418 quemque

111 2422 296 2481 centurionum
307 2421 411 2479 dimitti
424 2443 434 2477 .·
446 2420 570 2500 undique
582 2442 687 2482 atroces
699 2444 778 2483 nun-

110 2502 170 2575 cii,
191 2499 299 2561 sinistra
319 2520 352 2560 ex
369 2502 436 2561 urbe
456 2500 554 2570 fama;
572 2501 681 2561 infensa
693 2502 738 2561 Lu
760 2536 778 2553 -

111 2582 244 2643 dunensis
265 2582 400 2651 colonia,
423 2590 471 2652 δι,
497 2584 630 2663 pertinaci
648 2604 697 2661 pro
717 2524 781 2644 lle·

110 2684 179 2723 rone
206 2660 285 2735 fide',
310 2662 429 2723 fecunda
450 2664 617 2723 rumoribus.
638 2663 694 2723 Sed
715 2666 779 2745 plu-

108 2747 181 2811 rima
192 2744 230 2807 ad
240 2742 405 2829 lingendum
416 2743 638 2827 credendumque
652 2748 781 2810 marcnes
