2100 3650
262 309 284 367 6
362 303 397 370 C.
428 265 580 372 coru.
612 302 817 395 Tacrrr
1020 368 1021 381 p

260 421 353 482 Simul
380 422 480 482 veritas
507 421 635 521 pluribus
662 421 755 482 modis
785 421 904 494 infradia
927 445 940 496 3
1020 400 1021 427 ³

260 499 383 580 primtim
413 502 523 560 inscitia
544 503 651 583 reipub.
675 522 707 562 ut
728 504 847 574 aliene,
868 526 939 564 mox

260 583 379 642 libidine
398 582 557 642 assentandi
568 625 583 652 ,·
607 603 656 642 aut
677 604 767 644 rursus
787 584 858 643 odio
879 586 936 645 ad-

260 685 351 724 versus
372 661 574 722 dominantes:
592 665 631 724 ita
653 667 756 724 neutris
779 687 843 725 cura
864 686 938 744 pos-

260 745 395 815 teritatis,
426 747 497 804 inter
524 744 678 816 infensos,
707 747 753 806 vel
785 747 939 809 obnoxios.

253 825 314 884 Sed
332 825 334 830 ’
350 825 540 885 ambitionem
569 829 709 904 scriptoris
739 826 823 886 facile
858 849 943 887 aver-

259 907 326 967 seris
337 929 346 976 3
369 908 537 968 obueciatio
562 915 588 966 &
609 909 683 966 livor
702 909 803 986 'pronis
824 909 940 970 auribus

259 986 433 1066 accipiuntur
466 1011 472 1044 :
504 989 608 1068 quippe
642 987 799 1048 adulationi
829 988 941 1051 foedum

260 1073 367 1128 crimen
385 1070 542 1138 servitutis,
557 1070 731 1146 malignitati
746 1069 816 1129 falsa
835 1074 943 1150 species

257 1151 400 1214 libertatis
414 1149 492 1210 inest.
517 1147 596 1209 Mihi
617 1146 732 1222 Galba,
755 1149 860 1223 Otho,
883 1153 944 1212 Vi-

259 1233 440 1306 tellius„‚nec
456 1229 615 1306 beneficio,
631 1253 683 1290 nec
704 1231 804 1309 injurii
821 1236 944 1316 cogniti.

257 1315 439 1398 Dignitatem
474 1311 597 1374 nostram
636 1335 654 1373 a
682 1313 860 1392 Vespasiano
891 1318 944 1375 in-

260 1393 417 1466 choatam,
443 1416 459 1453 a
478 1394 549 1454 Tito
576 1399 710 1466 audiam,
729 1417 746 1454 a
768 1384 945 1458 Domitiano

260 1475 375 1562 longiis
396 1479 580 1557 provebiam,
609 1499 667 1537 non
691 1476 840 1538 abnuerim
861 1479 945 1541 :sed

196 1585 200 1591 ·
259 1562 452 1640 incorruptam
477 1555 564 1619 fidem
590 1557 744 1638 professiS,
769 1581 821 1620 nec
845 1581 949 1624 amore

283 1644 439 1722 uisquam,
477 1649 504 1700 δι
536 1640 596 1699 siue
626 1639 695 1698 odio
728 1639 863 1700 dicendus
894 1641 946 1706 est.

260 1664 353 1802 Oubd
368 1724 391 1782 si
409 1725 469 1782 vita
482 1720 659 1802 suppeditet,
676 1723 864 1802 principatum
883 1723 947 1784 divi

259 1804 383 1877 Nervae,
407 1813 434 1867 δε
455 1804 606 1887 imperium
621 1802 759 1884 Trajani‚
784 1804 947 1867 uberiorem

215 1914 217 1918 ’
260 1890 488 1969 securioremque
508 1888 674 1958 materiam,
698 1889 832 1947 senediuti
856 1908 946 1967 sepo-

261 1973 307 2033 sui
326 1996 333 2030 ι
351 1969 412 2030 rari
426 1988 586 2049 temporum
605 1967 759 2040 felicitate,
774 1969 825 2027 ubi
843 1971 949 2030 sentire

263 2074 327 2134 quae
339 2052 427 2122 velis,
439 2060 466 2111 δι
478 2070 540 2132 quae
552 2052 675 2120 sentias,
689 2050 781 2109 dicere
792 2052 867 2110 licet.

306 2132 353 2193 ΙΙ.
377 2133 460 2213 Opus
480 2131 631 2215 aggredior
652 2134 782 2212 opimum
809 2132 950 2207 casibus,
1020 2161 1021 2166 ¹

263 2233 346 2275 atrox
372 2213 494 2295 proeliis,
521 2213 625 2273 discors
651 2213 859 2283 seditionibus,
883 2215 949 2295 ipsi

264 2298 352 2356 etiam
385 2315 454 2375 pace
488 2311 600 2356 saevum.
636 2294 768 2371 Quatuot
804 2297 948 2375 principes
1020 2293 1021 2368 f

265 2377 341 2437 ferro
358 2378 527 2457 interempti.
550 2375 619 2435 Tria
637 2376 712 2435 bella
731 2377 846 2447 civilia,
865 2377 947 2455 plura
1020 2373 1021 2444 i

267 2478 403 2529 externa,
433 2479 466 2520 ae
491 2458 654 2538 plerumque
683 2459 829 2537 permixta.
861 2456 949 2519 Pros-
1020 2463 1021 2516 ]

245 2555 340 2623 'perae
366 2542 396 2600 in
418 2538 559 2611 Oriente,
587 2538 708 2599 adversat
732 2542 763 2598 in
787 2539 949 2600 Occidente

233 2691 237 2699 Ι
268 2644 319 2683 tes.
338 2621 498 2681 Turbatum
522 2621 666 2701 illyricum
688 2643 695 2678 :
716 2620 818 2681 Galliae
835 2637 946 2681 nutan-
1020 2657 1021 2686 3

269 2723 311 2763 tes
325 2703 500 2783 :perdomita
514 2702 675 2774 Britannia,
691 2711 718 2762 δι
728 2701 822 2763 statim
833 2705 920 2764 missa
937 2727 948 2763 t

268 2804 372 2846 coortat
397 2786 426 2846 in
445 2806 498 2847 uos
523 2784 714 2847 Sarmatarum
736 2806 769 2847 ac
789 2784 948 2847 suevorum
1020 2805 1021 2840 t
