2100 3650
261 348 329 415 320
389 324 426 393 C.
452 310 603 394 vConsi.
636 326 838 394 Tacrrr

255 444 396 513 avunculo
424 442 613 523 infensusque.
635 441 729 502 Tutor
745 444 934 506 Treverorum

256 526 371 605 copias,
386 526 490 583 recenti
504 524 708 607 Vangionum,
722 525 935 599 Caeracatiurn3

254 605 445 668 Tribocorum
464 604 574 667 deleffir
596 608 713 677 rueras,
733 626 868 667 veterano
889 629 937 689 pe·

256 686 314 746 dite
332 707 416 767 atque
435 688 529 767 equite
549 684 689 758 firmavit,
707 690 843 767 corruptis
859 710 935 767 spe,

255 788 304 837 aut
326 787 403 827 metu
420 768 542 827 subactis
561 767 750 849 legionariis:
771 770 822 849 qui
839 769 938 848 prirnb

256 846 426 920 cohortem,
446 850 615 928 praemissam
639 872 657 908 a
682 849 801 909 Sextilio
819 851 937 923 Felice,

257 928 447 999 interficiunt3
472 952 542 989 mox
563 929 614 989 ubi
639 929 723 989 duces
742 934 953 1014 exercitioque-

255 1010 402 1071 Romanus
423 1011 668 1091 propinquabant,
689 1008 808 1071 honesto
837 1032 936 1073 trans-

255 1089 338 1152 fuoio
360 1092 463 1151 rediere
482 1114 489 1150 ε
510 1094 610 1151 secutis
627 1090 779 1163 Tribocis,
797 1093 937 1177 Vangio·

256 1142 395 1255 tribusque
416 1182 442 1232 &
458 1171 660 1233 Caeracatibus.
674 1172 789 1246 Tutor,
802 1174 938 1235 Treveris

257 1254 456 1315 comitantibus
467 1301 478 1323 ,
488 1271 492 1276 ’
503 1255 595 1313 vitato
620 1254 810 1338 Mogontiaco
821 1301 832 1327 ,
860 1256 935 1315 Bin-

278 1338 337 1395 ium
356 1337 512 1405 concessit3
530 1334 618 1395 fidens
634 1336 717 1406 loco,
732 1338 800 1417 qnia
816 1356 937 1417 pontem

255 1356 345 1477 bava:
364 1418 488 1476 fluminis
506 1417 653 1496 abruperat
671 1442 678 1475 ι
694 1418 744 1478 sed
756 1420 869 1477 incursu
880 1440 935 1477 co-

256 1494 400 1569 hortium,
425 1519 494 1577 quas
519 1497 652 1557 Sertilius
674 1499 812 1569 ducebat,
840 1508 868 1558 δι
893 1519 938 1558 re·
971 1502 974 1505 ’

201 1598 204 1604 ·
255 1598 335 1659 perto
359 1578 451 1649 vado,
472 1578 598 1658 proditus
624 1578 766 1661 fususque.
791 1578 836 1644 El
856 1580 938 1641 clade

255 1660 374 1739 perculsi
395 1658 532 1731 Treveri,
558 1670 586 1720 &
608 1661 723 1739 plebes,
749 1663 865 1721 omissis
884 1683 937 1722 ar-

256 1743 332 1813 mis,
353 1762 400 1821 per
421 1762 504 1824 agros
525 1744 633 1822 palatur
657 1765 664 1799 t
689 1742 807 1823 quidam
830 1744 938 1821 princi-

194 1877 198 1884 .
255 1843 346 1904 pum,
360 1843 392 1884 ut
403 1824 488 1905 primi
502 1825 627 1905 posuisse
637 1822 743 1883 bellum
753 1824 937 1898 viderentur,

257 1906 288 1967 in
316 1909 468 1978 civitates,
490 1928 552 1987 quae
577 1907 740 1966 societatem
768 1907 937 1968 Romanam

257 2009 315 2050 non
343 2007 506 2059 exsuerant,
531 1985 720 2069 perfugerant.
745 1989 889 2072 Legiones
917 2012 935 2050 a
972 2043 976 2049 .

256 2067 384 2130 Novesio
403 2067 557 2150 Bonnique
575 2071 605 2128 in
626 2068 780 2140 Treveros,
804 2089 835 2128 ut
854 2069 937 2149 suprb

257 2153 495 2220 memoravimus,
511 2150 643 2210 traducta
655 2195 665 2221 ,
683 2171 711 2210 se
722 2151 795 2229 ipsas
805 2152 836 2210 in
848 2152 935 2212 verba

257 2229 428 2311 Vespasiani
455 2232 582 2313 adigunt.
603 2231 673 2290 Haec
697 2231 856 2291 Valentino
877 2231 933 2290 ab·

259 2331 334 2372 sente
353 2310 429 2394 gesta
451 2336 458 2368 ι
485 2315 535 2392 qui
554 2312 603 2371 ubi
625 2311 796 2372 adventabat
817 2311 932 2384 furens,

259 2397 414 2475 cuneisque
428 2415 517 2452 rursus
535 2394 565 2452 in
578 2392 677 2452 'turbas
693 2403 720 2453 &
738 2395 855 2452 exitium
868 2415 935 2453 con-

258 2495 381 2538 versurus
399 2520 408 2546 ,
449 2476 575 2558 legiones
608 2477 656 2558 inq
671 2474 934 2546 Mediomatricos,

259 2559 366 2616 sociam
376 2558 534 2626 civitatem,
548 2555 711 2616 abscessere.
720 2555 891 2616 Valentinus
901 2577 934 2616 ac

258 2633 351 2695 Tutor
364 2640 394 2696 in
409 2658 486 2697 arma
499 2636 638 2697 Treveros
651 2634 796 2697 retrahunt
812 2660 820 2694 r
834 2639 934 2697 occisis

258 2715 404 2788 Herennio
419 2740 450 2778 ac
463 2717 597 2778 Numisio
609 2719 727 2802 legatis,
738 2716 812 2798 qui),
825 2719 935 2778 minore

252 2817 308 2883 'spe
321 2801 424 2871 venia,
445 2818 579 2860 cresceret
595 2801 740 2862 vinculum
755 2799 875 2860 sceleris.
