2100 3650
271 253 319 333 46
384 243 420 312 C.
449 244 588 315 Corn.
619 248 805 315 Tacrrr

270 367 346 448 pacis
366 365 516 444 exempla,
535 364 583 426 sed
605 364 720 445 repetiti
732 365 890 424 beliorum
909 365 957 423 ci·-

268 449 368 508 vilium
379 444 534 516 memorii,
550 465 657 521 capram
671 449 773 506 totiens
785 448 845 505 suis
867 468 956 504 exer-

269 529 368 590 citibus
375 527 480 597 urbem,
491 531 651 587 uastitatem
661 529 766 597 Italia,
778 529 956 601 direptiones

265 608 492 683 provinciarum,
510 608 708 678 Pharsaliam,
725 608 901 680 Philippos,
922 605 953 667 ἃ

270 689 415 749 Ferrariam
435 711 467 747 ac
490 688 657 758 Mutinam,
679 709 748 749 nota
767 689 955 768 publicarum

271 769 394 830 cladium
406 769 542 839 nomina,
552 771 746 850 loquebantur.
761 770 851 844 Propi
867 789 954 829 ever-

271 872 332 910 sum
343 851 451 919 orbem,
473 853 556 910 eriam
566 873 645 928 quum
656 855 688 909 de
698 853 856 926 principatu
876 852 956 908 inter

272 931 355 992 bonos
375 949 520 990 certaretur
541 955 552 990 .·
574 935 624 990 sed
641 935 777 991 mansisse
800 935 828 991 C.
845 931 951 1000 Iulio,

272 1013 407 1072 mansisse
424 1015 524 1072 Caesare
535 1012 616 1091 Augu
637 1013 952 1086 oviciorejmperium:

273 1115 428 1152 mansuram
445 1094 540 1170 fuisse
571 1117 587 1151 s
651 1095 783 1168 Pompeio
808 1093 953 1171 Bnttoque

274 1173 389 1248 tempti.
403 1174 485 1233 Nunc
490 1194 542 1248 pro
556 1173 683 1245 Othone,
696 1197 732 1234 an
740 1197 792 1255 pro
806 1173 838 1234 V
835 1173 951 1244 itellio,

229 1267 231 1274 '
275 1255 306 1313 in
317 1256 416 1330 templa
426 1256 540 1313 ituros?
566 1253 701 1332 Utrasque
721 1257 822 1329 impias
831 1276 930 1328 preces
939 1299 952 1324 ,

187 1401 188 1404 Ἰ
275 1353 385 1411 utraque
394 1337 544 1416 detestanda
557 1353 640 1405 vota,
656 1337 805 1395 interdicas
815 1381 824 1405 ,
836 1355 952 1412 quorum

275 1415 345 1474 hello
362 1417 451 1474 solum
465 1417 498 1473 id
510 1417 616 1485 scires,
632 1419 788 1476 deteriorem
799 1417 884 1494 fore,
904 1416 952 1494 qai

274 1497 399 1558 uicisset.
416 1496 518 1566 Erant,
528 1498 578 1576 qui
586 1498 813 1576 Vespasianum,
827 1505 856 1556 &
869 1516 952 1556 arma

277 1575 404 1636 Orientis
438 1597 635 1659 auguratenrur
656 1600 663 1635 ε
684 1586 742 1648 &,
770 1596 801 1636 ut
833 1579 950 1656 potior,

277 1677 395 1739 utroque
418 1657 630 1736 Vespasianus,
655 1660 695 1718 ira
721 1657 828 1717 bellum
849 1657 949 1728 aliud,

277 1759 362 1820 atque
381 1741 448 1799 alias
467 1737 559 1797 clades
580 1736 738 1798 horrebant.
757 1739 796 1797 Et
813 1740 950 1820 ambigua

277 1819 315 1881 de
338 1821 515 1901 Vespasiano
540 1819 618 1880 fama
640 1843 647 1877 t
670 1820 798 1900 solusque
818 1822 949 1879 omnium

278 1913 344 1963 ante
364 1925 391 1962 se
410 1902 567 1981 principum
588 1904 617 1960 in
639 1901 737 1959 melius
760 1918 882 1960 mutatus
900 1899 948 1961 est.

320 1982 369 2044 LI.
396 1984 481 2043 Nunc
501 1984 583 2042 initia
603 2002 754 2063 causasque
776 1979 868 2041 monis
888 1982 948 2040 Vi-

221 2071 224 2077 '
280 2064 389 2125 telliani
402 2086 434 2121 ex
455 2063 558 2123 ediam.
573 2062 658 2124 Caso
672 2084 736 2121 cum
749 2064 881 2123 omnibus
900 2084 950 2121 co-

280 2146 334 2226 piis
345 2145 361 2204 J
364 2144 420 2203 ulio
434 2084 578 2214 Vindice,
596 2144 675 2203 ferox
696 2143 786 2222 praedi
804 2142 949 2226 gloriique

280 2227 436 2295 exercitus,
455 2245 486 2284 ur
502 2227 547 2284 cui
559 2270 569 2296 ‚
583 2227 642 2283 sine
655 2224 751 2285 labore
766 2246 798 2284 ac
809 2225 947 2304 periculo,

282 2306 413 2367 ditissimi
438 2305 506 2365 beili
521 2307 639 2365 victoria
660 2308 816 2375 evenisset,
836 2304 948 2383 expedi·

282 2390 391 2447 tionem
409 2396 436 2447 &
453 2388 556 2458 aciem,
577 2388 690 2464 praemia
711 2385 797 2467 quim
817 2384 950 2463 stipendia

283 2468 428 2528 malebat:
447 2467 550 2548 diuque
565 2466 766 2527 infinuuosam
786 2477 813 2527 &
828 2486 948 2545 asperam

285 2550 417 2608 militiam
430 2549 608 2618 toleraverat,
622 2549 739 2630 ingenio
754 2550 811 2607 loci
823 2547 949 2628 coeiique,

286 2632 489 2705 &severitate
516 2628 691 2707 disciplinae3
723 2650 810 2710 quam
833 2630 948 2707 inpare

222 2757 225 2764 .
286 2710 508 2785 bimembrem,
521 2708 665 2782 discordiae
676 2712 781 2773 civium
793 2709 947 2788 resolvunt,
