2100 3650
182 310 493 378 Hrsronrsnrrrr
509 298 678 376 Lrnilll.
720 328 792 399 227

114 428 237 490 Sabinos
254 445 334 488 aetate
351 429 443 507 prior,
461 428 576 505 privatis
596 428 737 509 utriusque
750 448 792 489 re·

114 510 167 570 bus
190 556 200 582 ,
228 510 415 577 audioritate,
439 506 611 589 pecuniique
631 508 691 569 Ves
712 511 789 570 asia·

114 612 185 651 num
212 590 346 651 anteibat.
373 588 412 649 Et
433 588 622 661 credebatur,
657 612 674 650 a
698 594 791 651 estam

115 677 175 751 ejus
196 669 282 731 fidem
302 671 476 751 praejuvisse,
491 670 580 730 domo
598 672 726 753 agrisque
749 673 792 754 pi-

115 755 201 836 gnori
230 753 361 834 acceptis.
386 750 496 821 Unde,
518 772 693 833 quamquam
722 774 790 815 ma·

116 853 200 895 nente
220 835 250 894 in
274 834 396 914 speciem
421 832 593 903 concordia,
619 830 793 895 offensarum

116 934 214 994 operta
233 916 437 975 metuebantur.
457 914 564 974 Melior
576 916 792 995 interpretatio:

116 998 213 1056 mirem
232 1000 325 1058 virum
342 995 519 1055 abhorreres
538 997 670 1075 sanguine
694 992 721 1057 ds
744 1018 794 1057 ca·

116 1078 195 1137 dibus
206 1099 213 1134 r
223 1100 302 1156 eoque
311 1077 411 1137 crebris
423 1098 483 1135 crem
497 1077 615 1137 Vitellio
624 1078 795 1139 sermonibus

117 1162 151 1219 de
159 1181 245 1237 pace,
250 1160 435 1235 ponendisque
441 1180 493 1232 per
499 1158 681 1217 conditionem
694 1162 795 1231 armis,

117 1240 234 1319 agitare.
258 1240 337 1319 Saepe
360 1239 441 1299 domi
464 1240 629 1321 congressi,
653 1236 795 1320 postremo

119 1323 150 1379 in
165 1320 226 1380 aede
240 1322 399 1403 Apollinis,
414 1339 444 1379 ut
460 1319 538 1379 fama
559 1318 633 1392 fuit,
654 1322 794 1404 pepigere.

119 1402 219 1461 Verba
249 1422 388 1482 vocesque
417 1400 488 1461 duos
519 1398 600 1460 telles
626 1398 797 1475 habebant,

121 1481 262 1542 Cluvium
277 1482 385 1543 Rufum
404 1491 432 1542 dc
449 1482 550 1542 Silium
564 1482 704 1541 Italicum.
718 1484 796 1543 Vul-

122 1580 168 1622 tus
187 1565 282 1641 procul
300 1564 451 1624 visentibus
470 1565 664 1635 notabantur3
683 1556 798 1625 Vitellii

120 1646 262 1725 projedlus
283 1653 310 1705 dc
331 1644 468 1727 degener,
488 1644 609 1705 Sabinus
628 1667 687 1705 non
706 1646 796 1707 insul·

121 1745 205 1797 tans,
227 1735 255 1785 δι
274 1728 416 1785 miseranti
435 1728 557 1808 propior.
647 1782 649 1791 ,
726 1762 728 1769 ·

131 1837 138 1844 ·
163 1807 274 1869 LXVI.
304 1806 393 1886 Qudd
423 1811 448 1868 si
477 1829 537 1868 tam
568 1802 652 1868 facile
682 1823 798 1869 suorum

122 1885 232 1951 mentes
258 1891 376 1952 flexisset
394 1889 551 1960 Vitellius,
572 1890 658 1971 quim
672 1890 729 1970 ipse
741 1903 799 1952 ces·

122 1991 211 2042 serat,
231 1973 405 2032 incruentam
425 1971 523 2029 urbem
534 1971 703 2052 Vespasiani
714 1992 799 2030 exer-

123 2054 195 2112 citus
217 2053 353 2112 intrasset.
372 2050 531 2122 Ceterrim,
553 2069 583 2110 ut
626 2054 723 2134 uisque
740 2053 799 2114 Vi-

122 2133 202 2192 tellio
213 2130 305 2203 fidus,
317 2134 356 2192 ira
376 2154 475 2212 pacem
495 2142 523 2193 dr
547 2073 723 2194 conditiones
740 2135 798 2194 ab·

122 2214 269 2284 arebant,
284 2215 429 2274 discrimen
443 2235 474 2272 ac
487 2217 598 2274 dedecus
611 2212 801 2288 ostentantes,

126 2293 155 2355 ἃ
173 2296 259 2374 fidem
279 2298 310 2354 in
330 2295 444 2354 libidine
466 2296 591 2356 vilioris.
614 2297 674 2357 Nec
694 2297 802 2356 tantem

131 2376 306 2450 Vespasiano
318 2376 487 2452 superbiam,
505 2386 537 2435 itt
548 2375 691 2451 privatum
701 2376 806 2436 ἸῙίῑιΙ-Ι

124 2459 196 2516 lium
214 2471 354 2532 pareretur
374 2482 385 2515 .·
404 2479 438 2516 ne
452 2458 541 2519 vidior
559 2453 664 2534 quidem
682 2459 801 2519 laturos.

124 2539 174 2599 Ita
189 2539 339 2611 periculum
360 2561 395 2598 ert
414 2539 611 2599 misericordia.
628 2531 722 2614 Ipsum
733 2539 802 2601 sarri

125 2640 241 2689 serrem,
270 2615 297 2679 ἃ
313 2621 452 2694 prosperis
470 2615 645 2697 adversisque
657 2623 801 2683 satiatum.

125 2697 275 2776 Sed'quod
297 2722 416 2770 nonan,
439 2722 515 2776 quem
532 2695 634 2781 statum
650 2702 714 2780 filio
744 2702 805 2782 ejus

130 2779 297 2840 Germanico
304 2783 369 2860 fore
381 2781 497 2841 (Nunc
504 2783 666 2856 pecuniam,
680 2778 805 2860 &fami-

606 2861 696 2942 va·
