2100 3650
239 330 308 395 344
349 305 386 373 C.
416 307 562 377 CORN.
595 308 785 375 TACITI

234 422 338 487 herieri
356 426 572 495 vinciebantur,
586 426 706 506 vitisque
727 444 812 485 aurea
834 443 915 485 tem-

234 507 285 587 plo
300 526 404 585 reperta
420 530 427 565 ε
444 506 571 565 Liberum
579 525 687 581 patrem
705 507 777 576 coli,
794 509 916 565 domito·

234 610 290 647 rem
306 588 450 659 Orientis,
460 587 578 669 quidam
587 588 800 658 arbitrati-sunt,
811 608 919 667 nequa·
961 639 967 649 .

235 690 322 749 quam
363 669 582 751 congruentibus
612 666 741 729 institutis
772 690 780 724 ι
810 670 919 749 quippe

234 749 322 808 Liber
339 748 423 809 festos
440 750 573 830 latosque
587 750 655 808 ritus
672 750 787 828 posuit3
804 749 821 809 J
824 748 920 809 urlaeo·

235 851 297 889 rum
319 850 383 890 mos
406 829 540 889 absurdus
558 830 751 911 sordidosque.

276 911 330 971 Vl.
355 910 442 970 Terra
464 908 611 991 finesque,
630 909 688 991 quit
706 911 742 971 ad
765 910 918 971 Orientem

235 1008 373 1075 vergunt,
389 990 496 1053 Arabia
517 994 724 1052 terminantur:
743 1014 762 1051 a
781 993 919 1064 meridie,

235 1072 385 1156 AEgyptue
403 1074 515 1154 objacet
536 1096 544 1129 t
565 1074 601 1133 ab
615 1073 744 1143 orcam,
767 1070 920 1136 Phoenices

235 1163 394 1215 &maret
418 1154 654 1233 septemtrionem
678 1176 694 1221 a
721 1155 807 1213 latere
829 1155 920 1235 Syriae

234 1235 324 1319 longe
344 1238 529 1316 prospestant.
547 1234 683 1316 ,Corpora
703 1233 856 1294 hominum
875 1257 919 1296 sa·

233 1316 347 1387 lubria,
361 1326 388 1377 δι
406 1315 523 1376 ferentia
541 1316 672 1376 laborum
692 1339 702 1373 ι
719 1317 775 1376 rari
788 1316 917 1388 imbres,

235 1396 306 1457 uber
320 1398 421 1457 solum.
440 1397 605 1470 Exuberant
621 1397 666 1457 fru
686 1417 716 1456 es
732 1395 859 1457 nostrum
878 1398 918 1457 ad

168 1499 170 1503 ·
234 1498 365 1549 morem,
387 1498 537 1559 praeterque
558 1500 603 1539 eas
621 1420 785 1538 Rafiamum
803 1488 832 1539 δι
853 1478 920 1539 Pal-

234 1579 300 1619 mae.
322 1559 456 1619 Palmctis
479 1562 650 1639 proceritas,
677 1568 705 1619 &
727 1560 820 1619 decor.
843 1559 916 1619 Bal-

234 1660 348 1701 samum
371 1640 483 1700 modica
502 1640 586 1717 arbor
606 1642 800 1722 :utquisque
821 1662 918 1704 ramus

234 1721 392 1793 intumuit,
413 1724 436 1781 si
454 1723 515 1780 vim
538 1720 603 1780 ferri
626 1719 787 1793 adhibeas,
811 1743 917 1801 pavent

190 1797 196 1805 ’
236 1822 316 1863 venae
325 1827 334 1875 3
348 1802 488 1886 fragmine
502 1802 621 1883 lapidis,
637 1822 685 1863 aut
703 1800 771 1862 testi
788 1805 917 1882 aperiun-

236 1900 281 1942 tur
304 1908 311 1940 ε
334 1883 436 1944 humor
460 1887 489 1944 in
510 1905 561 1944 usu
580 1884 753 1944 medentium
775 1881 824 1944 est,
844 1885 917 1946 Ρη-

234 1965 350 2043 cipuum
371 1968 511 2026 montium
528 1965 669 2025 Libanum
690 1968 789 2048 erigit,
809 1967 915 2026 mirum

237 2045 332 2117 dicio,
345 2066 436 2108 tantos
449 2049 520 2106 inter
529 2046 641 2108 ardores
653 2044 775 2126 opacum
785 2092 794 2118 ,
804 2045 913 2106 fidum-

181 2134 184 2140 '
237 2146 293 2204 que
307 2128 427 2188 nivibus.
447 2127 530 2196 Idem
547 2149 661 2189 amnem
679 2128 832 2188 Jordanem
845 2129 913 2202 alit,

236 2205 395 2288 funditque.
414 2209 476 2269 Nec
493 2209 628 2281 iordanes
641 2210 743 2292 pelago
757 2210 912 2288 accipitur:

236 2287 287 2348 sed
310 2310 395 2348 unum
425 2309 507 2371 atque
536 2291 653 2350 alterurn
683 2291 779 2350 lacum
806 2292 915 2374 integer

235 2371 366 2450 perfluit3
391 2373 472 2430 tertio
493 2373 634 2432 retinetur.
660 2371 751 2432 Lacus
770 2373 912 2432 immenso

186 2514 188 2516 ,
237 2451 365 2522 ambitu,
384 2455 474 2532 specie
492 2454 599 2522 maris,
619 2474 717 2534 sapore
737 2455 913 2533 corruptior,

238 2533 376 2614 gravitate
404 2534 499 2594 odoris
529 2530 632 2594 accolit
665 2531 798 2613 pestifer,
822 2554 914 2614 neque

240 2631 326 2672 vento
343 2615 514 2693 impellitur,
536 2635 627 2696 neque
651 2616 738 2694 pisces
756 2633 913 2687 aut-suetas

236 2694 318 2773 aquis
336 2696 461 2756 volucres
482 2697 594 2774 patitur.
610 2696 723 2756 Incertae
741 2695 822 2754 unda:
840 2719 846 2751 ε
868 2717 912 2754 su·

236 2777 380 2855 perjuria,
400 2796 430 2838 ut
452 2775 567 2848 solido,
590 2775 681 2839 ferunt
696 2800 704 2834 ε
722 2778 803 2858 periti
820 2777 913 2858 impe·
