2100 3650
250 291 319 365 ²32
374 272 417 343 C.
444 275 591 353 conte.
623 256 803 347 Tucrrr

250 397 350 455 tondis·
360 394 499 455 bominum
513 394 622 465 oculis,
637 392 718 471 quiem
732 394 930 471 Aventinum

252 475 400 551 &penates
412 478 507 535 uxoris
521 478 664 549 petisset?
681 476 728 535 Ita
744 479 878 550 priuato,
897 476 928 539 fi

249 578 356 618 ornnem
367 557 539 632 principatis
557 557 673 632 speeiem
690 558 813 627 vitanti,
825 580 927 619 conoe·

250 639 327 697 nisse
337 661 349 695 t
360 637 454 697 contris
471 638 617 698 Vitellium
629 639 659 697 in
665 638 822 711 palatium,
837 641 868 697 in
879 642 926 714 ip-

245 740 312 778 ·sarn
326 718 435 792 imperii
445 740 534 778 arcem
542 740 698 797 regressum.
712 718 780 783 lnde
790 738 927 781 armatum

248 822 345 878 agmen
354 802 489 879 ⁴errrissum
498 822 512 871 ,·
522 801 638 880 stratam
650 801 832 859 innocentium
846 804 927 862 cedi·

249 879 300 939 bus
310 880 508 940 celeberrimam
522 879 597 939 urbis
608 898 713 953 partern
723 905 733 939 r
743 903 776 939 ne
789 883 927 955 Capitolio

249 960 500 1043 quidemabssineri
521 960 552 1019 T
546 980 655 1039 ogatum
664 958 926 1035 nempese,&toturn

249 1040 468 1112 esenaroribus,
485 1044 549 1100 dum
570 1043 643 1101 inter
668 1042 870 1119 Vespasianum
892 1067 926 1103 ac

256 1122 403 1185 Vitellium
413 1122 523 1197 proeliis
541 1123 695 1201 legionum,
715 1122 928 1197 captivitatibus

250 1204 357 1274 urbium
371 1248 384 1275 ,
408 1203 590 1263 deditionibus
610 1204 760 1263 cohortium
772 1206 925 1283 judicatur.

250 1284 482 1359 Jom,Hisportiis
492 1285 701 1361 Germaniisque
705 1282 927 1358 ‚&Britonnid,

250 1366 460 1425 desciscentibus
469 1410 480 1437 ,
485 1367 604 1444 fratrem
615 1364 784 1440 Vespasiani
791 1370 928 1429 mansisse

251 1447 368 1525 infide,
385 1450 468 1505 donec
482 1448 555 1505 ultro
571 1450 609 1507 od
623 1447 791 1507 conditiones
809 1470 926 1508 vocure-

251 1546 305 1586 tur.
318 1526 421 1588 Pocem
435 1526 463 1588 {e
477 1530 646 1587 concordiam
654 1528 738 1589 vietis
746 1528 852 1601 utilius
866 1532 928 1591 oie-

250 1608 355 1667 toribus
366 1626 472 1667 tanturrt
478 1608 594 1684 pulchra
603 1630 675 1677 esse.
689 1606 725 1667 Si
737 1611 928 1673 conuentionis

246 1690 382 1765 poeniteat
389 1712 405 1763 ‚·
422 1712 477 1749 non
491 1713 521 1750 se
530 1736 543 1761 ,
555 1712 632 1767 quern
643 1690 761 1768 perfidid
774 1692 931 1763 deceperit,

245 1770 325 1852 ferro
339 1788 468 1847 peteret,·
483 1794 538 1832 non
554 1772 648 1852 filiurn
669 1769 857 1846 Vespasiani,
873 1773 928 1834 virt

247 1853 382 1928 puberem.
397 1853 539 1932 Quanttcm
546 1897 557 1925 ,
567 1855 665 1912 occisis
678 1874 730 1911 uno
743 1875 824 1922 sene,
836 1849 862 1912 δ’
872 1875 928 1914 uno

245 1936 350 2016 juverre
358 1979 372 2006 ‚
379 1936 498 2013 profici?
513 1936 566 1994 iret
580 1933 691 1994 obuiam
707 1933 879 2012 legionibus,
899 1933 927 1995 f?

252 2019 400 2075 desummo
410 2037 498 2075 rerum
509 2017 570 2074 illie
582 2031 694 2086 cenaret
708 2033 926 2076 :cetero-secun-

252 2099 318 2154 durn
340 2114 465 2166 euentum
479 2097 575 2170 proelii
593 2116 713 2156 cessura.
731 2094 869 2176 Trepidus
890 2095 927 2158 ad

254 2173 315 2236 haec
337 2176 489 2248 Vitellius,
514 2197 603 2254 pauca
624 2175 764 2258 purgandi
784 2179 828 2249 sui
845 2177 929 2238 causi

253 2257 413 2338 respondit,
426 2259 457 2316 in
465 2258 582 2318 militem
589 2255 750 2328 conferens,
759 2260 834 2340 cujus
841 2261 929 2318 nimio

251 2341 348 2400 ardori
355 2338 806 2421 impete'm-essentodesiiomsuarn.
819 2339 857 2400 Et
866 2361 929 2400 mo·

255 2423 317 2480 nuit
346 2420 532 2492 Martialem,
561 2439 592 2479 ut
607 2441 661 2496 per
681 2439 811 2480 secretam
831 2423 928 2482 adium

251 2521 360 2575 portem
374 2501 474 2560 occulti
486 2501 592 2572 abiret,
607 2524 639 2560 ne
655 2524 673 2560 o
689 2501 825 2572 militibus
837 2505 927 2562 inter-

256 2584 371 2641 nuncius
384 2585 483 2643 inuisu
490 2585 572 2656 pacis
585 2584 785 2661 interficeretur.
806 2583 868 2663 Ipse
879 2604 928 2644 ne-

252 2681 312 2740 que
335 2662 470 2738 jubendi,
489 2684 580 2744 neque
599 2662 713 2725 vetandi
736 2682 833 2742 potens
841 2703 860 2736 ,·
869 2687 930 2725 non

250 2744 497 2832 jamimpetutor,
507 2744 557 2806 sed
567 2764 678 2808 tantum
688 2745 757 2830 ¹belii
766 2766 848 2810 causa
861 2763 929 2808 esau
