2100 3650
211 256 788 349 mmmmml9

112 399 195 450 rum,
216 398 265 440 aut
281 381 348 460 qui,
370 379 459 439 adesis
479 378 582 450 bouis,
603 399 651 460 pet
671 378 791 440 dedecus

112 461 239 524 Neronis
262 462 430 530 alebantur,
458 457 552 520 moesti
581 469 610 522 dc
645 481 791 524 rumorum

112 541 202 604 avidi.

114 605 115 610 ἵ
145 616 198 681 'V.
215 621 302 684 Miles
323 621 460 694 urbanus,
478 621 568 706 longo
583 621 730 686 Cesumm
749 645 793 685 sa·

112 722 260 768 eramento
291 703 433 774 imbutus,
464 711 491 764 &
521 704 558 764 ad
586 702 792 766 destituendum

112 783 261 844 Neronem
285 802 343 844 arte
370 785 510 864 magis&
539 786 679 924 iuppulsu,
704 785 793 867 quim

114 887 166 926 suo
194 866 312 948 ingenio
340 864 500 936 traductus,
530 885 568 946 po
591 886 677 946 quam
700 889 792 949 neque

113 946 176 1006 dari
196 944 384 1018 donativum,
403 945 454 1005 sub
472 947 589 1006 nomine
608 946 709 1008 Galbae
728 969 793 1027 pro·

114 1028 254 1098 missum,
272 1047 363 1108 neque
375 1029 487 1109 magnis
502 1029 608 1088 meritis
623 1049 656 1089 ac
672 1031 794 1109 premiis

113 1107 251 1168 ,eumdem
267 1109 297 1168 in
315 1128 399 1187 pace,
415 1128 499 1190 quem
519 1110 549 1168 in
566 1109 664 1179 bello,
679 1110 794 1182 locum,

109 1207 344 1270 praeventamque
386 1191 506 1271 gratiam
547 1189 681 1273 intelligit
718 1190 794 1271 apud

114 1272 296 1352 principem,
317 1293 334 1330 a
355 1269 516 1352 legionibus
539 1268 668 1340 fadum
692 1291 797 1350 pronus

115 1351 154 1412 ad
177 1373 268 1412 novas
289 1351 472 1430 res,scelere
494 1353 604 1432 insuper
622 1350 797 1431 Nymphidii
862 1393 866 1397 .

109 1433 220 1503 ,Sabini
238 1430 376 1512 praefedli,
395 1434 435 1490 im
456 1432 543 1491 erium
563 1433 618 1491 sibi
634 1433 795 1506 molientis,

110 1515 254 1597 ¹agitatur.
279 1511 318 1571 Et
337 1452 531 1594 Nympiiidius
549 1513 666 1594 quidem
682 1515 713 1572 in
733 1516 797 1594 ipso

118 1613 228 1654 conatu
244 1613 411 1674 oppressus:
432 1593 481 1654 sed
515 1596 625 1654 uamvis
640 1595 731 1674 capite
751 1595 799 1656 de·

118 1675 255 1736 feuionis
279 1675 394 1746 ablato,
421 1694 556 1736 maneat
579 1676 715 1755 plerisque
736 1679 797 1736 mi-

117 1759 204 1818 litum
223 1757 392 1818 conscientia
414 1779 420 1812 :
441 1777 492 1816 nec
506 1753 626 1816 ,deerant
637 1774 800 1830 sermones,

118 1840 229 1901 senium
255 1858 332 1915 arque
356 1840 507 1901 uvaritiam
531 1838 626 1897 Galle
648 1841 722 1897 incse
743 1862 799 1899 an-

121 1922 205 1981 tium.
224 1918 351 1979 Laudata
371 1920 463 1990 olim,
482 1928 510 1978 &
528 1919 644 1977 militari
658 1917 738 1979 fama
755 1941 802 1981 ce·

119 2002 232 2062 lebrata
249 2000 377 2059 severitas
397 2005 473 2079 ejus,
492 1999 617 2083 angebat
630 1999 801 2079 adspernan-

111 2102 165 2157 ¹tes
188 2102 311 2143 veterem
337 2080 535 2161 disciplinam,
558 2101 641 2161 atque
666 2084 705 2141 ita
728 2104 802 2163 qua-

122 2163 284 2224 tuordecim
312 2164 392 2221 annis
417 2184 434 2221 a
462 2162 578 2222 Nerone
605 2158 804 2237 adsuefauos,

124 2265 157 2305 ut
175 2242 252 2305 haud
275 2241 367 2303 mimis
386 2244 456 2303 vitia
478 2244 635 2323 principum
653 2265 803 2318 amarent,

115 2390 119 2397 ,
147 2324 214 2385 uim
241 2324 313 2383 olim
334 2324 448 2385 virtutes
477 2325 652 2383 verebantur.
678 2328 806 2387 Accessit

115 2348 231 2479 ,dalbae
250 2427 307 2465 vox
328 2421 377 2485 pro¹
400 2404 495 2482 repub,
518 2402 657 2475 honesta,
677 2406 731 2485 ipsi
751 2430 805 2467 au-

127 2508 215 2567 ceps,
230 2488 285 2565 legi
298 2510 315 2545 a
330 2508 359 2545 se
373 2486 502 2556 militem,
514 2508 570 2545 nou
579 2489 641 2551 emi.
654 2486 718 2547 Nec
728 2491 805 2549 enim

126 2568 167 2630 ad
185 2566 260 2628 hanc
279 2561 402 2625 formem
421 2586 509 2627 cetera
523 2587 610 2626 erant.
685 2590 693 2593 ·

110 2714 114 2721 ,
169 2649 233 2709 VI.
258 2646 419 2707 invalidum
444 2668 538 2707 senem
564 2648 602 2707 T.
623 2649 748 2723 Vinius,
779 2661 809 2711 8(

114 2730 281 2792 ,Cornelius
303 2729 401 2799 Laco,
422 2728 491 2791 alter
512 2728 673 2791 deterrimus
694 2752 807 2794 morta-

651 2813 709 2875 Av
