2100 3650
122 257 780 352 ſjfflmmmmffih

99 386 143 448 est
151 409 277 464 ornnem
292 389 519 460 condictionem,
538 407 569 449 ut
582 388 695 450 Neroni
732 411 786 450 uo·

100 491 160 551 que
187 469 365 530 exitiosam:
390 478 420 544 &A
444 467 582 542 Caecina,
609 475 670 550 jam
735 492 785 552 per

99 570 178 628 trans
200 571 304 624 tessus,
326 547 531 612 exstimulabat.

143 571 297 692 leXXX.
321 631 414 692 Pridie
439 631 505 712 idus
534 633 676 706 Martias,
700 653 784 694 eom·

100 712 238 774 mendac&
259 715 384 794 patribus
410 714 506 794 repub.
531 715 663 796 reliquias
682 713 781 774 Nero-

99 797 252 854 nianatum
276 797 454 867 sectionum,
475 795 605 856 nondum
629 797 660 856 in
682 793 782 858 fiscum

101 897 274 946 conversas,
306 879 443 936 revocatis
474 877 511 936 ab
542 877 641 938 exsilio
666 897 783 938 conces·

100 959 138 1017 sit
166 981 173 1014 ι
203 955 385 1036 justissimum
409 957 538 1029 donum,
564 967 592 1019 δι
610 959 640 1018 in
659 959 783 1040 speciem

100 1037 318 1122 magnificum,
346 1038 394 1100 sed
425 1037 554 1100 festinati
583 1045 644 1120 jam
672 1039 782 1140 fridem

101 1121 272 1190 exactione,
294 1141 345 1180 usu
368 1118 466 1181 sterile.
487 1121 562 1181 Mox
587 1140 690 1184 vocata
710 1143 782 1182 con·

101 1203 201 1273 cione,
222 1203 385 1286 majestatem
399 1203 496 1273 urbis,
517 1199 719 1263 &eonsensum
733 1225 783 1278 po-

94 1283 168 1357 puli.
178 1307 211 1342 ac
226 1283 337 1343 senatris
347 1306 399 1358 pro
416 1307 446 1344 se
463 1284 613 1355 attollens,
633 1284 781 1346 adversum

101 1364 274 1426 Vitellianas
297 1383 386 1443 partes
407 1361 532 1424 modeste
553 1363 679 1426 disseruit
702 1389 709 1422 r
730 1368 781 1426 in-

100 1447 215 1512 scitiam
234 1445 328 1521 potiris
350 1447 505 1524 legionum,
531 1445 611 1526 qudm
638 1449 783 1510 audaciam

100 1528 267 1608 increpans,
296 1525 373 1586 nulli
394 1527 505 1587 Vitellii
530 1530 701 1590 mentione:
723 1529 783 1588 sive

101 1610 189 1690 ipsius
210 1629 244 1670 ea
268 1608 426 1668 moderatio
437 1630 448 1680 3
470 1629 519 1670 scu
538 1611 655 1703 scnptor
673 1612 783 1670 oratio·

100 1692 168 1762 nis,
190 1689 244 1750 sibi
267 1709 408 1761 metuens,
434 1688 612 1752 contumeliis
631 1693 661 1750 in
679 1691 780 1750 Vitel-

100 1773 175 1833 lium
188 1769 322 1833 abstinuit
334 1770 487 1853 equando,
504 1791 536 1833 ut
545 1773 577 1832 in
590 1773 713 1833 consiliis
725 1774 782 1831 mi·

100 1856 170 1914 litiae
190 1856 327 1915 Suetonio
345 1854 491 1924 paullino,
509 1862 536 1914 δι
554 1852 653 1913 Matio
671 1854 782 1926 Celso,

101 1938 142 1995 ita
170 1938 200 1998 in
221 1936 301 1994 rebus
324 1934 438 1995 urbanis
459 1929 568 1996 Galerii
581 1932 716 1995 Trachali
735 1937 783 1995 in·

99 2019 191 2101 genio
211 2014 361 2076 Othonem
380 2018 423 2077 uti
442 2016 604 2077 credebatur
628 2020 685 2077 :dr
704 2036 784 2078 eraut

101 2101 156 2181 qui
202 2120 270 2158 enus
298 2100 390 2179 ipsum
413 2097 513 2158 orandi
535 2117 699 2169 noscerent,
721 2119 781 2157 cre-

101 2181 156 2239 bro
178 2120 233 2240 dori
262 2200 312 2238 usu
332 2179 459 2251 celebre,
489 2186 535 2249 dr,
562 2178 599 2239 ad
623 2179 782 2260 implendas

101 2282 201 2333 aures,
223 2261 312 2319 latum
331 2269 358 2321 δι
376 2282 487 2319 sonans.
505 2260 627 2321 Clamor
642 2281 783 2342 vocesque

102 2342 202 2425 vulgi,
222 2362 256 2400 ex
271 2360 349 2399 more
366 2341 520 2412 adulandi,
534 2343 629 2401 nimia
643 2350 670 2403 δι
681 2340 757 2401 falsae
771 2364 782 2401 r

102 2424 186 2505 quasi
211 2422 378 2483 dictatorem
400 2422 564 2493 Caesarem,
590 2442 638 2483 aur
661 2425 785 2504 impera·

101 2524 197 2563 torem
215 2501 373 2585 Augustum
396 2521 644 2585 prosequerentur,
666 2506 705 2565 ita
720 2501 783 2563 stu·
854 2518 859 2523 “

101 2585 157 2645 diis
176 2587 307 2667 votisque
333 2585 476 2643 certabant
499 2606 506 2641 ι
535 2604 586 2643 nec
611 2604 712 2657 metu,
734 2604 785 2646 aur

99 2686 224 2739 amore,
255 2665 304 2725 sed
331 2686 365 2725 ex
393 2664 512 2727 libidine
540 2667 664 2738 servitii,
692 2686 724 2726 ut
752 2668 785 2734 in

593 2746 661 2809 Dr
