2100 3650
250 304 318 366 116
371 298 409 367 C.
437 299 584 368 Corn.
616 301 803 368 TAcrrr

248 438 310 500 quat
346 418 516 490 militibus3
554 439 606 480 nec
645 417 761 499 perinde
795 437 932 480 nutantes

249 519 266 557 e
287 497 421 570 navibus,
436 498 523 580 quim
535 499 628 560 stabili
645 499 758 582 gradue
772 502 849 580 ripa,
867 501 932 560 vul-

248 599 314 642 nera
329 578 382 638 diri
403 579 498 642 ebant.
517 582 556 642 Et
574 602 660 663 quum
684 583 767 642 variis
786 581 933 661 trepidan-

250 661 321 721 tium
340 600 596 732 inclinationibus,
616 664 698 723 mixti
716 664 839 745 remiges
858 683 932 744 pro-

249 761 479 881 pupnatoresque
518 744 724 814 turbarentur,
753 744 867 804 desilire
905 747 935 805 in

250 843 287 882 va
308 845 325 883 a
351 824 426 884 ultro
444 825 611 897 ,Germ-ani,
638 843 774 884 retentare
803 845 934 909 puppes,

252 903 384 964 scandere
415 903 518 978 foros,
546 925 594 966 aut
620 909 748 966 cominus
776 923 934 986 mergere:

253 1005 315 1066 quae
329 989 429 1046 mandra
450 989 479 1048 in
500 989 588 1048 oculis
608 989 749 1068 utriusque
774 985 935 1058 exercitiis,

254 1065 363 1206 granth
385 1067 490 1128 laetiora
521 1069 705 1139 Vitellianis,
738 1065 821 1126 tantd
846 1066 936 1128 atritis

287 1143 417 1208 thoniaei
428 1169 544 1210 causam
560 1152 758 1230 audiorernqne
774 1148 865 1210 cladis
881 1148 935 1208 de·

255 1223 433 1292 testabantur.
611 1241 613 1246 “

261 1383 265 1388 .
296 1309 439 1372 XXXVI.
459 1311 498 1370 Et
510 1312 640 1390 proelium
677 1309 792 1380 uidem,
811 1311 939 1389 abruptis

224 1411 229 1418 ·
258 1409 320 1469 quae
332 1411 490 1470 supererant
502 1393 640 1461 navibus,
657 1332 689 1452 ir
711 1389 727 1450 it
743 1391 938 1471 diremptum:

257 1471 357 1530 Macer
394 1472 431 1544 ad
459 1474 576 1532 ericium
605 1411 780 1552 poscehatur.
817 1473 942 1554 Jamque

258 1540 434 1612 ¹vulnerarunt
456 1556 565 1613 eminus
582 1552 697 1624 hancei,
718 1551 818 1612 ſtrictis
837 1553 943 1636 gladiis

260 1631 437 1705 invaserant,
461 1656 550 1715 quum
581 1636 743 1696 intercursu
760 1634 943 1694 tribunorum

261 1715 513 1796 centurionumque
547 1717 710 1799 protegitur.
748 1715 812 1775 Nec
848 1713 945 1776 mund

262 1791 346 1876 prist,
363 1795 515 1859 Vestricius
529 1798 686 1879 Spurinna,
702 1800 776 1876 jussu
794 1795 944 1869 Othonis,
1031 1806 1032 1829 ¹

262 1878 360 1937 relidlo
376 1879 531 1941 Placentiae
559 1879 674 1941 modico
700 1878 851 1957 presidio,
878 1897 946 1939 cum

264 1956 429 2021 cohortibus
444 1962 581 2022 subvenit.
603 1962 680 2021 Dein
700 1958 831 2021 Flavium
853 1961 944 2021 Sabi-

264 2060 358 2111 num,
378 2044 522 2103 consulem
547 2042 749 2125 designatum,
775 2038 860 2101 Otho
886 2062 948 2101 rec·

265 2139 357 2179 torem
379 2124 468 2203 copiis
490 2126 587 2195 misit,
616 2123 717 2204 quibus
741 2121 842 2181 Macer
869 2142 946 2203 prae-'

263 2198 375 2273 fuerat3
404 2205 469 2263 leto
495 2207 585 2265 milite
615 2204 650 2265 ad
678 2204 865 2281 mutationem
894 2202 949 2262 du-

268 2302 352 2359 cum,
375 2293 404 2345 δι
424 2284 560 2358 ducibus,
582 2286 622 2345 ob
647 2285 756 2344 crebras
773 2282 927 2343 seditiones
938 2328 949 2355 ,

268 2382 328 2427 tam
341 2363 471 2427 infestam
481 2367 613 2427 militiam
624 2365 868 2445 adspernantibus.¹

309 2444 466 2509 XXXVII.
486 2448 605 2509 Invenio
625 2446 700 2527 apud
721 2444 860 2527 quosdam
882 2464 950 2505 auc-

270 2546 364 2597 tores,
382 2552 486 2603 pavore
505 2529 587 2600 belli,
609 2550 656 2589 seu
671 2528 786 2609 fastidio
809 2528 951 2604 utristsque

266 2610 402 2684 principis
412 2656 424 2680 ,
439 2632 549 2687 quorum
565 2611 677 2690 flagitia
691 2630 723 2668 ac
743 2611 853 2667 dedecus
873 2628 956 2680 aper·

273 2689 342 2747 tiore
360 2690 391 2747 in
411 2694 469 2751 dies
482 2693 564 2769 famei
588 2690 782 2759 noscebantur,
809 2687 954 2747 dubitasse

274 2772 406 2831 exercitus
412 2817 425 2845 ,
440 2796 521 2845 num,
532 2772 626 2848 posito
646 2771 811 2843 certamine,
832 2769 882 2831 vel
893 2769 956 2843 ipsi
