<?xml version="1.0" encoding="UTF-8"?>
<!DOCTYPE html PUBLIC "-//W3C//DTD XHTML 1.0 Transitional//EN"
    "http://www.w3.org/TR/xhtml1/DTD/xhtml1-transitional.dtd">
<html xmlns="http://www.w3.org/1999/xhtml" xml:lang="en" lang="en">
 <head>
  <title>
</title>
<meta http-equiv="Content-Type" content="text/html;charset=utf-8" />
  <meta name='ocr-system' content='tesseract 3.04.00' />
  <meta name='ocr-capabilities' content='ocr_page ocr_carea ocr_par ocr_line ocrx_word'/>
</head>
<body>
  <div class='ocr_page' id='page_1' title='image "./ccorneliitaciti00lallgoog_0070.png"; bbox 0 0 2100 3650; ppageno 0'>
   <div class='ocr_carea' id='block_1_1' title="bbox 248 305 801 377">
    <p class='ocr_par' dir='ltr' id='par_1_1' title="bbox 248 305 801 377">
     <span class='ocr_line' id='line_1_1' title="bbox 248 305 801 377; baseline 0 -3"><span class='ocrx_word' id='word_1_1' title='bbox 248 311 295 374; x_wconf 81' lang='lat'>60</span> <span class='ocrx_word' id='word_1_2' title='bbox 364 305 401 376; x_wconf 82' lang='lat' dir='ltr'>C.</span> <span class='ocrx_word' id='word_1_3' title='bbox 430 305 578 377; x_wconf 73' lang='lat' dir='ltr'>Cotta.</span> <span class='ocrx_word' id='word_1_4' title='bbox 610 309 801 377; x_wconf 68' lang='lat' dir='ltr'>Tactrr</span> 
     </span>
    </p>
   </div>
   <div class='ocr_carea' id='block_1_2' title="bbox 164 424 935 1655">
    <p class='ocr_par' dir='ltr' id='par_1_2' title="bbox 164 424 935 1080">
     <span class='ocr_line' id='line_1_2' title="bbox 248 424 931 510; baseline 0.006 -23"><span class='ocrx_word' id='word_1_5' title='bbox 248 424 412 488; x_wconf 82' lang='lat' dir='ltr'>venditante</span> <span class='ocrx_word' id='word_1_6' title='bbox 437 426 531 499; x_wconf 84' lang='lat' dir='ltr'>duce,</span> <span class='ocrx_word' id='word_1_7' title='bbox 557 426 642 488; x_wconf 78' lang='lat' dir='ltr'>fredis</span> <span class='ocrx_word' id='word_1_8' title='bbox 667 427 858 510; x_wconf 70' lang='lat' dir='ltr'>pastionibus</span> <span class='ocrx_word' id='word_1_9' title='bbox 874 429 931 491; x_wconf 56' lang='lat' dir='ltr'>ad*</span> 
     </span>
     <span class='ocr_line' id='line_1_3' title="bbox 249 510 934 594; baseline 0.001 -25"><span class='ocrx_word' id='word_1_10' title='bbox 249 530 344 570; x_wconf 83' lang='lat' dir='ltr'>versus</span> <span class='ocrx_word' id='word_1_11' title='bbox 365 530 535 588; x_wconf 81' lang='lat' dir='ltr'>possessores</span> <span class='ocrx_word' id='word_1_12' title='bbox 558 530 712 594; x_wconf 84' lang='lat' dir='ltr'>agrotum,</span> <span class='ocrx_word' id='word_1_13' title='bbox 732 519 760 570; x_wconf 76' lang='lat' dir='ltr'>lt</span> <span class='ocrx_word' id='word_1_14' title='bbox 780 510 934 594; x_wconf 78' lang='lat' dir='ltr'>magistra·</span> 
     </span>
     <span class='ocr_line' id='line_1_4' title="bbox 250 590 933 663; baseline 0.006 -13"><span class='ocrx_word' id='word_1_15' title='bbox 250 610 295 650; x_wconf 86' lang='lat' dir='ltr'>tus</span> <span class='ocrx_word' id='word_1_16' title='bbox 321 592 487 662; x_wconf 85' lang='lat' dir='ltr'>civitatum,</span> <span class='ocrx_word' id='word_1_17' title='bbox 514 590 587 651; x_wconf 78' lang='lat' dir='ltr'>adeo</span> <span class='ocrx_word' id='word_1_18' title='bbox 611 593 778 663; x_wconf 74' lang='lat' dir='ltr'><strong>minaciter,</strong></span> <span class='ocrx_word' id='word_1_19' title='bbox 802 613 836 653; x_wconf 86' lang='lat' dir='ltr'>ut</span> <span class='ocrx_word' id='word_1_20' title='bbox 851 593 933 654; x_wconf 85' lang='lat' dir='ltr'>Luco</span> 
     </span>
     <span class='ocr_line' id='line_1_5' title="bbox 251 671 934 752; baseline 0.009 -20"><span class='ocrx_word' id='word_1_21' title='bbox 251 674 465 752; x_wconf 86' lang='lat' dir='ltr'>(municipium</span> <span class='ocrx_word' id='word_1_22' title='bbox 486 672 517 733; x_wconf 89' lang='lat' dir='ltr'>id</span> <span class='ocrx_word' id='word_1_23' title='bbox 535 674 747 735; x_wconf 87' lang='lat' dir='ltr'>Vocontiorum</span> <span class='ocrx_word' id='word_1_24' title='bbox 765 671 831 749; x_wconf 86' lang='lat' dir='ltr'>est)</span> <span class='ocrx_word' id='word_1_25' title='bbox 856 673 934 738; x_wconf 83' lang='lat' dir='ltr'>facts</span> 
     </span>
     <span class='ocr_line' id='line_1_6' title="bbox 164 753 932 838; baseline 0 -24"><span class='ocrx_word' id='word_1_26' title='bbox 164 773 166 778; x_wconf 78' lang='grc'>’</span> <span class='ocrx_word' id='word_1_27' title='bbox 250 753 434 826; x_wconf 85' lang='lat' dir='ltr'>admoverit,</span> <span class='ocrx_word' id='word_1_28' title='bbox 459 753 550 815; x_wconf 88' lang='lat' dir='ltr'>donec</span> <span class='ocrx_word' id='word_1_29' title='bbox 575 753 695 834; x_wconf 56' lang='lat' dir='ltr'>pecunia</span> <span class='ocrx_word' id='word_1_30' title='bbox 718 754 932 838; x_wconf 84' lang='lat' dir='ltr'>mitigaretur:</span> 
     </span>
     <span class='ocr_line' id='line_1_7' title="bbox 251 835 934 916; baseline 0.007 -22"><span class='ocrx_word' id='word_1_31' title='bbox 251 837 383 916; x_wconf 79' lang='lat' dir='ltr'>quotiens</span> <span class='ocrx_word' id='word_1_32' title='bbox 406 838 530 916; x_wconf 82' lang='lat' dir='ltr'>pecuniae</span> <span class='ocrx_word' id='word_1_33' title='bbox 548 838 668 896; x_wconf 89' lang='lat' dir='ltr'>materia</span> <span class='ocrx_word' id='word_1_34' title='bbox 690 836 812 908; x_wconf 78' lang='lat' dir='ltr'>deesset,</span> <span class='ocrx_word' id='word_1_35' title='bbox 832 835 877 897; x_wconf 88' lang='lat' dir='ltr'>stu</span> <span class='ocrx_word' id='word_1_36' title='bbox 897 839 934 899; x_wconf 81' lang='lat' dir='ltr'>ris</span> 
     </span>
     <span class='ocr_line' id='line_1_8' title="bbox 253 916 935 1001; baseline 0.004 -25"><span class='ocrx_word' id='word_1_37' title='bbox 253 925 281 976; x_wconf 86' lang='lat'>&amp;</span> <span class='ocrx_word' id='word_1_38' title='bbox 315 916 457 978; x_wconf 81' lang='lat' dir='ltr'>adulteriis</span> <span class='ocrx_word' id='word_1_39' title='bbox 487 916 663 979; x_wconf 80' lang='lat' dir='ltr'>exorabatur.</span> <span class='ocrx_word' id='word_1_40' title='bbox 693 919 740 979; x_wconf 85' lang='lat' dir='ltr'>Sic</span> <span class='ocrx_word' id='word_1_41' title='bbox 775 917 813 979; x_wconf 83' lang='lat' dir='ltr'>ad</span> <span class='ocrx_word' id='word_1_42' title='bbox 885 939 935 1001; x_wconf 78' lang='lat' dir='ltr'>pte</span> 
     </span>
     <span class='ocr_line' id='line_1_9' title="bbox 252 1017 427 1080; baseline 0.006 -21"><span class='ocrx_word' id='word_1_43' title='bbox 252 1017 427 1080; x_wconf 83' lang='lat' dir='ltr'>perventum.</span> 
     </span>
    </p>

    <p class='ocr_par' dir='ltr' id='par_1_3' title="bbox 253 1079 935 1655">
     <span class='ocr_line' id='line_1_10' title="bbox 294 1079 934 1162; baseline 0.005 -22"><span class='ocrx_word' id='word_1_44' title='bbox 294 1081 418 1141; x_wconf 85' lang='lat' dir='ltr'><strong>LXVII.</strong></span> <span class='ocrx_word' id='word_1_45' title='bbox 439 1081 504 1142; x_wconf 83' lang='lat' dir='ltr'>Plus</span> <span class='ocrx_word' id='word_1_46' title='bbox 527 1079 626 1162; x_wconf 67' lang='lat' dir='ltr'>prada</span> <span class='ocrx_word' id='word_1_47' title='bbox 643 1101 677 1140; x_wconf 87' lang='lat' dir='ltr'>ac</span> <span class='ocrx_word' id='word_1_48' title='bbox 696 1101 745 1142; x_wconf 84' lang='lat' dir='ltr'>san</span> <span class='ocrx_word' id='word_1_49' title='bbox 787 1080 934 1143; x_wconf 72' lang='lat' dir='ltr'>&#39;inee-</span> 
     </span>
     <span class='ocr_line' id='line_1_11' title="bbox 253 1159 932 1246; baseline 0.001 -25"><span class='ocrx_word' id='word_1_50' title='bbox 253 1163 319 1223; x_wconf 89' lang='lat' dir='ltr'>eina</span> <span class='ocrx_word' id='word_1_51' title='bbox 339 1159 438 1224; x_wconf 83' lang='lat' dir='ltr'>hausit.</span> <span class='ocrx_word' id='word_1_52' title='bbox 467 1163 646 1223; x_wconf 79' lang='lat' dir='ltr'>Irritaverant</span> <span class='ocrx_word' id='word_1_53' title='bbox 673 1163 817 1222; x_wconf 89' lang='lat' dir='ltr'>turbium</span> <span class='ocrx_word' id='word_1_54' title='bbox 843 1165 932 1246; x_wconf 85' lang='lat' dir='ltr'>inge·</span> 
     </span>
     <span class='ocr_line' id='line_1_12' title="bbox 253 1243 934 1338; baseline 0.001 -34"><span class='ocrx_word' id='word_1_55' title='bbox 253 1247 335 1305; x_wconf 88' lang='lat' dir='ltr'>nium</span> <span class='ocrx_word' id='word_1_56' title='bbox 348 1244 492 1315; x_wconf 87' lang='lat' dir='ltr'>Helvetii,</span> <span class='ocrx_word' id='word_1_57' title='bbox 509 1243 622 1305; x_wconf 87' lang='lat' dir='ltr'>Gallica</span> <span class='ocrx_word' id='word_1_58' title='bbox 636 1263 730 1338; x_wconf 76' lang='lat' dir='ltr'>gens,</span> <span class='ocrx_word' id='word_1_59' title='bbox 752 1245 825 1304; x_wconf 87' lang='lat' dir='ltr'>olim</span> <span class='ocrx_word' id='word_1_60' title='bbox 846 1247 934 1306; x_wconf 81' lang='lat' dir='ltr'>armis</span> 
     </span>
     <span class='ocr_line' id='line_1_13' title="bbox 253 1324 935 1408; baseline 0.001 -22"><span class='ocrx_word' id='word_1_61' title='bbox 253 1328 398 1408; x_wconf 80' lang='lat' dir='ltr'>virisque,</span> <span class='ocrx_word' id='word_1_62' title='bbox 431 1347 499 1385; x_wconf 87' lang='lat' dir='ltr'>mox</span> <span class='ocrx_word' id='word_1_63' title='bbox 525 1324 665 1385; x_wconf 64' lang='lat' dir='ltr'>memorii</span> <span class='ocrx_word' id='word_1_64' title='bbox 689 1327 815 1387; x_wconf 87' lang='lat' dir='ltr'>nominis</span> <span class='ocrx_word' id='word_1_65' title='bbox 836 1328 935 1398; x_wconf 87' lang='lat' dir='ltr'>tlara,</span> 
     </span>
     <span class='ocr_line' id='line_1_14' title="bbox 254 1405 932 1489; baseline 0 -23"><span class='ocrx_word' id='word_1_66' title='bbox 254 1405 380 1468; x_wconf 78' lang='lat' dir='ltr'>decade</span> <span class='ocrx_word' id='word_1_67' title='bbox 400 1406 501 1468; x_wconf 82' lang='lat' dir='ltr'>Galbae</span> <span class='ocrx_word' id='word_1_68' title='bbox 521 1409 532 1466; x_wconf 89' lang='lat' dir='ltr'>i</span> <span class='ocrx_word' id='word_1_69' title='bbox 554 1409 635 1478; x_wconf 88' lang='lat' dir='ltr'>nati,</span> <span class='ocrx_word' id='word_1_70' title='bbox 654 1415 682 1467; x_wconf 75' lang='grc' dir='ltr'>δι</span> <span class='ocrx_word' id='word_1_71' title='bbox 698 1407 813 1466; x_wconf 88' lang='lat' dir='ltr'>Vitellii</span> <span class='ocrx_word' id='word_1_72' title='bbox 833 1409 932 1489; x_wconf 88' lang='lat' dir='ltr'>impe-</span> 
     </span>
     <span class='ocr_line' id='line_1_15' title="bbox 253 1427 934 1551; baseline 0.001 -2"><span class='ocrx_word' id='word_1_73' title='bbox 253 1491 328 1549; x_wconf 88' lang='lat' dir='ltr'>rium</span> <span class='ocrx_word' id='word_1_74' title='bbox 349 1489 510 1551; x_wconf 77' lang='lat' dir='ltr'>abnuentes</span> <span class='ocrx_word' id='word_1_75' title='bbox 532 1427 652 1549; x_wconf 54' lang='lat' dir='ltr'>fnitium</span> <span class='ocrx_word' id='word_1_76' title='bbox 670 1488 747 1548; x_wconf 87' lang='lat' dir='ltr'>bello</span> <span class='ocrx_word' id='word_1_77' title='bbox 769 1487 824 1549; x_wconf 84' lang='lat' dir='ltr'>fuit</span> <span class='ocrx_word' id='word_1_78' title='bbox 838 1493 934 1550; x_wconf 78' lang='lat' dir='ltr'>avari·</span> 
     </span>
     <span class='ocr_line' id='line_1_16' title="bbox 254 1569 934 1655; baseline 0.001 -25"><span class='ocrx_word' id='word_1_79' title='bbox 254 1570 295 1630; x_wconf 86' lang='lat' dir='ltr'>tia</span> <span class='ocrx_word' id='word_1_80' title='bbox 317 1592 350 1630; x_wconf 89' lang='lat' dir='ltr'>ae</span> <span class='ocrx_word' id='word_1_81' title='bbox 371 1569 514 1646; x_wconf 81' lang='lat' dir='ltr'>festinatio</span> <span class='ocrx_word' id='word_1_82' title='bbox 538 1571 762 1631; x_wconf 79' lang='lat' dir='ltr'>unaetvicesinae</span> <span class='ocrx_word' id='word_1_83' title='bbox 779 1570 904 1655; x_wconf 84' lang='lat' dir='ltr'>legionis</span> <span class='ocrx_word' id='word_1_84' title='bbox 925 1593 934 1630; x_wconf 77' lang='grc' dir='ltr'><strong><em>ε</em></strong></span> 
     </span>
    </p>
   </div>
   <div class='ocr_carea' id='block_1_3' title="bbox 254 1651 1031 1732">
    <p class='ocr_par' dir='ltr' id='par_1_4' title="bbox 254 1651 1031 1732">
     <span class='ocr_line' id='line_1_17' title="bbox 254 1651 1031 1732; baseline 0.005 -22"><span class='ocrx_word' id='word_1_85' title='bbox 254 1670 403 1732; x_wconf 79' lang='lat' dir='ltr'>rapuerant</span> <span class='ocrx_word' id='word_1_86' title='bbox 430 1653 601 1732; x_wconf 86' lang='lat' dir='ltr'>pecuniam,</span> <span class='ocrx_word' id='word_1_87' title='bbox 633 1653 750 1712; x_wconf 85' lang='lat' dir='ltr'>missam</span> <span class='ocrx_word' id='word_1_88' title='bbox 775 1653 806 1711; x_wconf 89' lang='lat' dir='ltr'>in</span> <span class='ocrx_word' id='word_1_89' title='bbox 827 1651 936 1732; x_wconf 80' lang='lat' dir='ltr'>strpen·</span> <span class='ocrx_word' id='word_1_90' title='bbox 1030 1680 1031 1691; x_wconf 53' lang='lat'>¹</span> 
     </span>
    </p>
   </div>
   <div class='ocr_carea' id='block_1_4' title="bbox 254 1731 1032 2883">
    <p class='ocr_par' dir='ltr' id='par_1_5' title="bbox 254 1731 1032 2883">
     <span class='ocr_line' id='line_1_18' title="bbox 255 1731 934 1816; baseline 0.003 -24"><span class='ocrx_word' id='word_1_91' title='bbox 255 1731 336 1793; x_wconf 83' lang='lat' dir='ltr'>dium</span> <span class='ocrx_word' id='word_1_92' title='bbox 350 1733 454 1795; x_wconf 81' lang='lat' dir='ltr'>castelli</span> <span class='ocrx_word' id='word_1_93' title='bbox 463 1782 475 1806; x_wconf 89' lang='lat'>,</span> <span class='ocrx_word' id='word_1_94' title='bbox 492 1734 572 1816; x_wconf 87' lang='lat' dir='ltr'>quod</span> <span class='ocrx_word' id='word_1_95' title='bbox 584 1734 655 1793; x_wconf 88' lang='lat' dir='ltr'>olim</span> <span class='ocrx_word' id='word_1_96' title='bbox 666 1734 792 1794; x_wconf 84' lang='lat' dir='ltr'>Helvetii</span> <span class='ocrx_word' id='word_1_97' title='bbox 801 1736 859 1795; x_wconf 77' lang='lat' dir='ltr'>stris</span> <span class='ocrx_word' id='word_1_98' title='bbox 872 1737 934 1794; x_wconf 87' lang='lat' dir='ltr'>rni-</span> 
     </span>
     <span class='ocr_line' id='line_1_19' title="bbox 254 1814 935 1901; baseline 0 -24"><span class='ocrx_word' id='word_1_99' title='bbox 254 1815 352 1878; x_wconf 84' lang='lat' dir='ltr'>litibus</span> <span class='ocrx_word' id='word_1_100' title='bbox 385 1839 419 1878; x_wconf 85' lang='lat' dir='ltr'>ae</span> <span class='ocrx_word' id='word_1_101' title='bbox 447 1814 592 1897; x_wconf 81' lang='lat' dir='ltr'>stipendiis</span> <span class='ocrx_word' id='word_1_102' title='bbox 613 1816 789 1877; x_wconf 82' lang='lat' dir='ltr'>tuebantur:</span> <span class='ocrx_word' id='word_1_103' title='bbox 809 1835 882 1901; x_wconf 76' lang='lat' dir='ltr'>aegre</span> <span class='ocrx_word' id='word_1_104' title='bbox 903 1817 935 1878; x_wconf 77' lang='lat' dir='ltr'>id</span> 
     </span>
     <span class='ocr_line' id='line_1_20' title="bbox 255 1895 1032 1981; baseline 0 -22"><span class='ocrx_word' id='word_1_105' title='bbox 255 1900 331 1979; x_wconf 88' lang='lat' dir='ltr'>passi</span> <span class='ocrx_word' id='word_1_106' title='bbox 352 1898 499 1968; x_wconf 74' lang='lat' dir='ltr'>Helvetii,</span> <span class='ocrx_word' id='word_1_107' title='bbox 523 1900 681 1979; x_wconf 84' lang='lat' dir='ltr'>interceptis</span> <span class='ocrx_word' id='word_1_108' title='bbox 706 1895 846 1979; x_wconf 74' lang='lat' dir='ltr'>epistolis,</span> <span class='ocrx_word' id='word_1_109' title='bbox 870 1919 936 1981; x_wconf 78' lang='lat' dir='ltr'>quar</span> <span class='ocrx_word' id='word_1_110' title='bbox 1031 1903 1032 1914; x_wconf 59' lang='lat'>¹</span> 
     </span>
     <span class='ocr_line' id='line_1_21' title="bbox 255 1977 937 2042; baseline 0 -3"><span class='ocrx_word' id='word_1_111' title='bbox 255 1982 374 2040; x_wconf 88' lang='lat' dir='ltr'>nomine</span> <span class='ocrx_word' id='word_1_112' title='bbox 395 1982 561 2042; x_wconf 83' lang='lat' dir='ltr'>Germanici</span> <span class='ocrx_word' id='word_1_113' title='bbox 580 1977 714 2039; x_wconf 72' lang='lat' dir='ltr'>exercitiis</span> <span class='ocrx_word' id='word_1_114' title='bbox 734 1979 771 2039; x_wconf 91' lang='lat' dir='ltr'>ad</span> <span class='ocrx_word' id='word_1_115' title='bbox 788 1979 937 2040; x_wconf 84' lang='lat' dir='ltr'>Pannoni-</span> 
     </span>
     <span class='ocr_line' id='line_1_22' title="bbox 255 2061 937 2145; baseline 0.006 -26"><span class='ocrx_word' id='word_1_116' title='bbox 255 2082 304 2121; x_wconf 81' lang='lat' dir='ltr'>cas</span> <span class='ocrx_word' id='word_1_117' title='bbox 329 2062 658 2145; x_wconf 29' lang='lat' dir='ltr'>legionesnferebantur,</span> <span class='ocrx_word' id='word_1_118' title='bbox 689 2061 881 2121; x_wconf 85' lang='lat' dir='ltr'>centurionem</span> <span class='ocrx_word' id='word_1_119' title='bbox 906 2071 937 2123; x_wconf 88' lang='lat'>&amp;</span> 
     </span>
     <span class='ocr_line' id='line_1_23' title="bbox 256 2142 934 2223; baseline 0.004 -21"><span class='ocrx_word' id='word_1_120' title='bbox 256 2143 396 2223; x_wconf 84' lang='lat' dir='ltr'>quosdam</span> <span class='ocrx_word' id='word_1_121' title='bbox 421 2144 544 2203; x_wconf 87' lang='lat' dir='ltr'>militum</span> <span class='ocrx_word' id='word_1_122' title='bbox 570 2146 601 2203; x_wconf 91' lang='lat' dir='ltr'>in</span> <span class='ocrx_word' id='word_1_123' title='bbox 622 2142 747 2202; x_wconf 86' lang='lat' dir='ltr'>custodia</span> <span class='ocrx_word' id='word_1_124' title='bbox 765 2142 934 2205; x_wconf 87' lang='lat' dir='ltr'>retinebant.</span> 
     </span>
     <span class='ocr_line' id='line_1_24' title="bbox 256 2224 936 2305; baseline -0.001 -20"><span class='ocrx_word' id='word_1_125' title='bbox 256 2224 375 2285; x_wconf 77' lang='lat' dir='ltr'>Catina</span> <span class='ocrx_word' id='word_1_126' title='bbox 394 2226 462 2285; x_wconf 87' lang='lat' dir='ltr'>belli</span> <span class='ocrx_word' id='word_1_127' title='bbox 479 2224 600 2296; x_wconf 84' lang='lat' dir='ltr'>avidas,</span> <span class='ocrx_word' id='word_1_128' title='bbox 619 2225 779 2305; x_wconf 85' lang='lat' dir='ltr'>proximam</span> <span class='ocrx_word' id='word_1_129' title='bbox 789 2244 936 2305; x_wconf 84' lang='lat' dir='ltr'>quamque</span> 
     </span>
     <span class='ocr_line' id='line_1_25' title="bbox 255 2305 935 2388; baseline 0.003 -23"><span class='ocrx_word' id='word_1_130' title='bbox 255 2307 369 2388; x_wconf 82' lang='lat' dir='ltr'>eulpam</span> <span class='ocrx_word' id='word_1_131' title='bbox 381 2350 391 2378; x_wconf 88' lang='lat'>,</span> <span class='ocrx_word' id='word_1_132' title='bbox 405 2326 558 2388; x_wconf 82' lang='lat' dir='ltr'>antequam</span> <span class='ocrx_word' id='word_1_133' title='bbox 572 2307 738 2387; x_wconf 74' lang='lat' dir='ltr'>paeniteret,</span> <span class='ocrx_word' id='word_1_134' title='bbox 752 2306 842 2365; x_wconf 87' lang='lat' dir='ltr'>ultum</span> <span class='ocrx_word' id='word_1_135' title='bbox 853 2305 935 2368; x_wconf 82' lang='lat' dir='ltr'>ibat:</span> 
     </span>
     <span class='ocr_line' id='line_1_26' title="bbox 256 2385 936 2471; baseline -0.003 -22"><span class='ocrx_word' id='word_1_136' title='bbox 256 2408 338 2449; x_wconf 89' lang='lat' dir='ltr'>anota</span> <span class='ocrx_word' id='word_1_137' title='bbox 352 2390 466 2471; x_wconf 63' lang='lat' dir='ltr'>properi</span> <span class='ocrx_word' id='word_1_138' title='bbox 477 2386 562 2449; x_wconf 82' lang='lat' dir='ltr'>eastra</span> <span class='ocrx_word' id='word_1_139' title='bbox 575 2386 692 2447; x_wconf 69' lang='lat' dir='ltr'>evastati</span> <span class='ocrx_word' id='word_1_140' title='bbox 706 2389 768 2471; x_wconf 81' lang='lat' dir='ltr'>agri</span> <span class='ocrx_word' id='word_1_141' title='bbox 787 2410 794 2444; x_wconf 75' lang='grc' dir='ltr'><strong><em>ε</em></strong></span> <span class='ocrx_word' id='word_1_142' title='bbox 808 2385 936 2469; x_wconf 85' lang='lat' dir='ltr'>direptus</span> 
     </span>
     <span class='ocr_line' id='line_1_27' title="bbox 257 2466 934 2554; baseline -0.004 -22"><span class='ocrx_word' id='word_1_143' title='bbox 257 2470 346 2554; x_wconf 62' lang='lat' dir='ltr'>longi</span> <span class='ocrx_word' id='word_1_144' title='bbox 358 2491 426 2553; x_wconf 84' lang='lat' dir='ltr'>paee</span> <span class='ocrx_word' id='word_1_145' title='bbox 445 2473 474 2531; x_wconf 91' lang='lat' dir='ltr'>in</span> <span class='ocrx_word' id='word_1_146' title='bbox 491 2466 610 2531; x_wconf 82' lang='lat' dir='ltr'>modum</span> <span class='ocrx_word' id='word_1_147' title='bbox 623 2470 771 2549; x_wconf 86' lang='lat' dir='ltr'>municipii</span> <span class='ocrx_word' id='word_1_148' title='bbox 781 2466 934 2554; x_wconf 68' lang='lat' dir='ltr'>&#39;enstrutflus</span> 
     </span>
     <span class='ocr_line' id='line_1_28' title="bbox 257 2551 935 2631; baseline -0.006 -19"><span class='ocrx_word' id='word_1_149' title='bbox 257 2554 363 2623; x_wconf 88' lang='lat' dir='ltr'>locus,</span> <span class='ocrx_word' id='word_1_150' title='bbox 396 2572 511 2612; x_wconf 86' lang='lat' dir='ltr'>amoeno</span> <span class='ocrx_word' id='word_1_151' title='bbox 538 2551 691 2613; x_wconf 75' lang='lat' dir='ltr'>salubrium</span> <span class='ocrx_word' id='word_1_152' title='bbox 717 2569 853 2631; x_wconf 86' lang='lat' dir='ltr'>aquarum</span> <span class='ocrx_word' id='word_1_153' title='bbox 882 2570 935 2609; x_wconf 82' lang='lat' dir='ltr'>usu</span> 
     </span>
     <span class='ocr_line' id='line_1_29' title="bbox 257 2632 934 2715; baseline -0.009 -21"><span class='ocrx_word' id='word_1_154' title='bbox 257 2634 408 2715; x_wconf 77' lang='lat' dir='ltr'>frequens:</span> <span class='ocrx_word' id='word_1_155' title='bbox 428 2635 505 2693; x_wconf 84' lang='lat' dir='ltr'>missi</span> <span class='ocrx_word' id='word_1_156' title='bbox 525 2632 562 2691; x_wconf 89' lang='lat' dir='ltr'>ad</span> <span class='ocrx_word' id='word_1_157' title='bbox 577 2632 684 2693; x_wconf 86' lang='lat' dir='ltr'>Raetica</span> <span class='ocrx_word' id='word_1_158' title='bbox 701 2632 804 2692; x_wconf 86' lang='lat' dir='ltr'>auxilia</span> <span class='ocrx_word' id='word_1_159' title='bbox 816 2632 934 2700; x_wconf 89' lang='lat' dir='ltr'>nuncii,</span> 
     </span>
     <span class='ocr_line' id='line_1_30' title="bbox 257 2713 935 2799; baseline -0.007 -24"><span class='ocrx_word' id='word_1_160' title='bbox 257 2733 404 2775; x_wconf 70' lang='lat' dir='ltr'>arvernos</span> <span class='ocrx_word' id='word_1_161' title='bbox 425 2718 455 2775; x_wconf 91' lang='lat' dir='ltr'>in</span> <span class='ocrx_word' id='word_1_162' title='bbox 475 2715 619 2799; x_wconf 87' lang='lat' dir='ltr'>legionem</span> <span class='ocrx_word' id='word_1_163' title='bbox 638 2713 787 2776; x_wconf 83' lang='lat' dir='ltr'>Helvetios</span> <span class='ocrx_word' id='word_1_164' title='bbox 808 2733 826 2773; x_wconf 94' lang='lat' dir='ltr'>a</span> <span class='ocrx_word' id='word_1_165' title='bbox 852 2730 935 2795; x_wconf 85' lang='lat' dir='ltr'>tergo</span> 
     </span>
     <span class='ocr_line' id='line_1_31' title="bbox 257 2797 482 2883; baseline 0.004 -24"><span class='ocrx_word' id='word_1_166' title='bbox 257 2797 482 2883; x_wconf 76' lang='lat' dir='ltr'>adgrederentur.</span> 
     </span>
    </p>
   </div>
   <div class='ocr_carea' id='block_1_5' title="bbox 0 0 1064 3650">
    <p class='ocr_par' dir='ltr' id='par_1_6' title="bbox 0 0 1064 3650">
     <span class='ocr_line' id='line_1_32' title="bbox 0 0 1064 3650; baseline 0 0"><span class='ocrx_word' id='word_1_167' title='bbox 0 0 1064 3650; x_wconf 95' lang='lat' dir='ltr'> </span> 
     </span>
    </p>
   </div>
  </div>
 </body>
</html>
