2100 3650
397 80 407 110 0

225 287 542 356 Hrsronrnnun
565 285 650 353 Lan.
675 285 707 358 1.
758 303 801 354 21

122 406 306 486 imperatoriis
322 405 471 476 brevitate,
492 403 621 486 adoptati
636 427 653 464 a
669 425 698 465 se
715 404 800 465 Piso·

123 509 191 548 nem
205 533 215 558 ,
229 507 306 552 more
325 486 383 546 divi
396 483 534 569 Augusti,
554 495 581 547 dt
598 486 729 566 exemplo
742 487 801 546 mi-

124 569 217 638 litari,
252 590 290 628 uo
306 570 348 627 vir
365 569 457 626 virum
477 569 598 662 legeret,
613 568 804 649 pronunciat}

124 671 159 710 ac
177 669 213 708 ne
232 590 410 718 dissimulata
430 647 532 708 seditio
550 651 580 708 in
601 654 691 728 majus
708 648 823 710 crede-'

124 749 221 800 retur,
245 731 318 788 ultro
346 729 511 804 adseverat,
541 747 664 806 quartam
687 727 715 790 ἃ
735 735 804 794 daton

126 813 321 881 devicesimam
332 811 467 889 legiones,
477 811 576 886 pausis
585 813 729 871 seditionis
740 827 807 873 oue·

127 892 233 950 toribus
244 937 256 960 ,
276 914 329 950 non
346 893 419 949 ultra
437 891 521 950 verba
537 913 570 955 ac
584 913 664 954 voces
682 915 808 968 errasse,

130 970 251 1034 &brevi
263 975 293 1031 in
311 971 397 1052 officio
404 972 475 1049 fore.
493 972 556 1032 Nec
574 974 664 1038 ullum
683 977 807 1054 orationi

129 1073 180 1114 aut
198 1053 373 1112 lenocinium
389 1052 494 1123 addit,
515 1070 565 1118 aut
582 1056 712 1134 pretium.
734 1055 806 1116 Tri-

130 1135 201 1194 buni
222 1151 339 1204 tamen,
359 1135 610 1216 centurionesque,
633 1143 662 1195 dt
687 1137 809 1216 proximi

130 1217 277 1286 rnilitum,
302 1233 380 1297 grata
406 1214 503 1274 auditu
531 1216 700 1294 respondent
729 1241 737 1274 t
760 1238 810 1298 per

131 1315 239 1356 ceteros
260 1294 391 1372 snoestitia
417 1317 451 1354 ac
477 1295 641 1367 silentium,
662 1315 810 1379 tamquam

132 1396 296 1457 usurpatam
317 1377 454 1442 etiam'in
475 1396 545 1456 pace
564 1377 692 1442 donativi
713 1400 812 1440 netes·

134 1460 270 1527 sitatem,
289 1458 365 1528 bello
379 1456 570 1536 perdidissent.
589 1455 731 1533 constat,
751 1481 811 1544 po·

133 1540 222 1598 tuisse
248 1539 393 1598 conciliati
419 1540 531 1598 animos
556 1539 813 1624 quantulicumque

134 1622 214 1702 parci
237 1621 310 1680 senis
335 1619 500 1680 liberalitate
526 1644 534 1676 z
560 1623 657 1683 nocuit
680 1625 814 1704 antiquus

133 1703 233 1784 ligor,
259 1709 286 1760 δι
310 1702 399 1774 nimia
419 1702 566 1788 severitas?
589 1705 635 1775 cui
654 1707 714 1792 jam
734 1725 814 1790 pares

135 1805 195 1844 non
218 1801 322 1843 sumus.

178 1864 262 1925 XIX.
280 1864 349 1925 Inde
362 1863 437 1945 apud
457 1883 584 1925 senatum
603 1888 662 1926 non
676 1868 816 1947 comptior

138 1946 257 2016 Galba,
279 1968 337 2005 non
353 1947 482 2028 longior,
502 1944 588 2027 quarn
603 1946 677 2027 apud
695 1948 817 2017 militem

138 2048 243 2089 sermo.
263 2027 375 2087 Pisonis
397 2029 487 2087 comis
509 2028 601 2086 oratio
629 2052 637 2086 z
659 2038 687 2090 de
726 2048 819 2095 atrum

141 2108 224 2170 favor
246 2108 342 2169 aderat
362 2131 369 2179 s
392 2108 473 2167 inulti
491 2109 658 2182 voluntate3
741 2113 819 2187 sitis,

59 2230 62 2235 -
143 2193 191 2271 qui
212 2190 377 2260 noluerant3
398 2190 508 2261 medie,
530 2210 560 2255 at
578 2193 710 2272 plurimi,
728 2195 818 2255 obvio

145 2273 284 2353 obsequio
304 2272 423 2351 privatas
441 2292 502 2351 spes
515 2275 672 2356 agitantes,
687 2277 747 2346 sine
759 2296 816 2355 pu-

142 2352 220 2429 blica
242 2351 318 2413 curass
339 2352 401 2412 Nee
422 2352 498 2412 aliud
519 2358 645 2433 sequenti
668 2355 820 2437 quatriduo

146 2434 251 2514 (quod
274 2434 399 2493 medium
417 2435 488 2493 inter
506 2434 688 2515 adoptionem
710 2446 738 2499 dr
760 2458 818 2498 εκ-

133 2514 212 2589 dem
237 2515 291 2575 fuit
311 2524 325 2591 >
347 2514 454 2574 ditium
478 2538 495 2573 a
512 2516 615 2576 Pisone
633 2520 664 2577 in
686 2520 818 2598 publico,

144 2595 299 2671 falsumve.
312 2597 506 2659 Crebrioribus
520 2598 550 2656 in
567 2598 626 2657 dies
643 2599 821 2673 Germanice,

144 2676 314 2738 defediionis
356 2680 495 2748 nunciis,
529 2688 557 2739 &
594 2679 672 2740 facili
706 2684 819 2743 civitate

143 2757 187 2830 ad
206 2758 368 2842 accipienda
388 2759 578 2844 credendaque
604 2764 703 2827 omnia
721 2767 819 2845 nova,
