2100 3650
257 357 326 421 242
384 332 421 401 C·
450 292 589 399 contr.
624 326 812 397 TAcrrr
854 294 860 317 “

256 455 360 515 animis
377 451 485 531 accepti
501 467 584 520 sunt,
603 449 653 531 qui
667 446 704 507 ad
714 449 874 509 Antonium
884 470 938 509 ve-

256 553 372 604 nerant,
394 554 455 593 non
482 532 550 613 quia
577 528 728 591 modestior
755 531 859 604 miles,
887 532 938 593 sed

256 618 322 678 duci
342 616 404 697 plus
424 614 608 674 auetoritatis.

299 696 610 761 LXXXI.Miscuerar
627 714 654 753 se
672 694 697 751 le
719 695 773 753 aris
787 694 940 757 Musonius

259 778 372 850 Rufus,
391 775 523 859 equestris
540 776 671 846 ordinis,
731 774 810 834 dium
837 774 938 855 philo-

258 858 385 941 sophiae,
406 868 434 921 δι
453 858 557 940 placita
578 856 742 917 Stoicorum
767 858 938 919 aemuiarus:
989 866 991 871 ’

261 942 396 1023 ooeptaba'
423 960 478 1011 ue,
500 940 652 1020 permixtus
676 939 847 1018 manipulis,
869 940 941 1001 bona

256 1025 340 1101 pacis
357 1046 389 1082 ac
438 1023 473 1081 lli
490 1020 653 1082 dukcrimina
673 1020 823 1092 disserens,
840 1042 939 1081 arma-

262 1125 308 1170 tos
330 1102 505 1164 monere.1d
524 1103 661 1183 plerisque
682 1102 826 1174 ludibrio,
847 1103 940 1182 pluri-

250 1188 317 1247 'bus
336 1186 421 1247 adio
442 1208 450 1245 t
468 1205 520 1244 net
533 1184 667 1257 deerant,
687 1185 736 1265 qui
757 1186 943 1265 propellerent

169 1318 172 1322 f
263 1268 532 1350 proculcarentque,
553 1267 599 1337 ni,
620 1264 770 1324 admonitu
788 1266 940 1328 modestis-

264 1352 330 1411 simi
346 1354 496 1429 cujusque,
514 1356 546 1424 δι,
558 1348 620 1407 aliis
640 1347 850 1419 minitantibus,
868 1352 944 1409 onti-

264 1434 344 1492 sisset
374 1426 600 1510 intempestivam
635 1430 810 1509 sapientiam.
838 1430 945 1491 Obviar

265 1511 343 1574 suen
357 1521 396 1572 A&
422 1512 546 1594 virgines
571 1509 699 1573 Vestales
728 1532 792 1570 curn
821 1510 945 1593 epistolis

267 1594 398 1665 Vitellii,
409 1594 446 1653 ad
466 1594 625 1652 Antonium
646 1594 752 1673 scriptis
771 1594 883 1652 :eximi
896 1618 947 1655 su·

262 1699 358 1753 premo
372 1675 517 1737 certamini
537 1696 618 1734 unam
630 1676 701 1734 diem
718 1672 875 1754 postulabat
893 1701 900 1733 z
918 1682 947 1737 si

267 1780 373 1821 moram
387 1758 607 1838 interjecisstnt,
621 1756 738 1836 fuciliris
761 1758 855 1816 omnia
877 1782 947 1819 con-

268 1860 394 1901 ventura.
420 1841 555 1922 Virgines
576 1859 640 1899 cum
665 1836 773 1898 honore
797 1840 917 1902 dimissae
940 1866 947 1899 r

268 1923 391 1983 Vitellio
411 1924 590 2000 rescriptum,
610 1921 717 1980 Sabini·
733 1925 824 1993 ccede,
846 1921 873 1983 ἃ
897 1925 948 1982 in„

268 2007 364 2066 cendio
381 2005 512 2078 Capitolii
522 2005 656 2078 dirempta
670 2003 734 2062 belli
747 2006 915 2064 commercia.

303 2085 487 2146 LXXXII.
517 2083 654 2143 Tentavit
684 2104 779 2146 tamen
806 2088 951 2149 Antonius

271 2188 388 2228 vocatas
407 2166 445 2226 ad
459 2167 628 2230 concionem
650 2166 777 2246 legiones
799 2171 953 2251 mitigare,

273 2269 321 2320 ut,
340 2250 434 2330 castris
443 2250 529 2329 juxta
542 2268 652 2321 pontem
669 2248 814 2309 Mulvium
827 2253 953 2326 positis,

269 2334 376 2414 postero
388 2333 432 2390 die
441 2330 532 2389 urbem
541 2334 749 2410 ingrederentur.
762 2331 849 2392 Ratio
866 2327 955 2392 cunc-

276 2414 373 2486 tandi,
387 2432 423 2473 ne
438 2430 577 2492 asperatus
593 2413 692 2494 proelio
709 2413 806 2484 miles,
825 2436 884 2474 non
903 2434 958 2495 po«

204 2550 207 2560 ,
276 2497 365 2577 pulo,
384 2517 443 2554 non
454 2496 581 2567 senatui,
595 2515 630 2554 ne
641 2495 751 2577 templis
768 2495 901 2576 quidem,
920 2519 958 2558 ac

277 2577 400 2638 delubris
425 2575 543 2636 deorum
568 2577 730 2638 consuleret.
755 2575 810 2638 Sed
836 2597 959 2640 omnem

277 2661 483 2739 prolationem,
507 2677 539 2718 ut
562 2661 710 2720 inimicam
734 2660 877 2730 notoriae,
903 2681 958 2720 su·

277 2739 450 2822 spectabant.
471 2741 564 2802 Simul
579 2742 717 2825 fulgentia
738 2762 785 2822 per
803 2742 887 2804 colles
906 2761 960 2801 ve-

278 2824 366 2897 xilla,
386 2845 561 2907 quamquam
576 2825 698 2888 imbellis
719 2823 837 2907 populus
852 2843 959 2907 seque-
