2100 3650
256 282 300 328 22
393 261 430 330 C.
460 262 603 335 Conni.
633 267 817 334 Tacina

251 402 341 462 quum
376 380 462 442 tristia
493 403 576 455 sunt,
615 405 776 445 censuerant
813 399 935 464 parres‚'

253 462 406 524 mittendos
424 463 460 524 ad
480 463 684 525 Germanicum
711 468 863 526 exercitum
889 469 933 526 ie·

251 564 352 626 gatos:
368 544 506 627 agitatum
518 544 640 617 secretb,
653 569 722 606 num
737 547 842 607 &Piso
858 569 930 627 pro-
982 581 992 591 -

253 623 419 685 ficiseeretur
430 648 439 696 3
463 632 571 708 majore
593 647 723 707 praetexru
744 651 751 685 t
770 629 813 687 ilii
830 632 933 689 audio-

251 707 364 766 ritatem
384 706 512 777 senatis,
534 705 581 767 hic
597 707 793 792 dignationem
808 709 932 771 Caesaris

249 789 363 848 laturus.
388 787 520 848 Placebat
539 798 578 851 ,δι
607 791 775 860 Laconem,
806 794 930 869 praetorii

251 869 428 950 praefedium,
443 869 528 928 simul
546 871 629 930 mitti.
651 870 679 930 Is
698 871 818 930 consilio
843 873 932 932 inter-

250 953 342 1010 cessit.
358 949 459 1026 Legati
480 972 593 1032 quoque
613 956 707 1024 (nam
725 972 838 1010 senatus
854 954 930 1014 eiec-

248 1033 359 1091 tionem
390 1015 489 1093 Galba
513 1033 698 1114 permiserat)
725 1029 803 1092 foedd
826 1035 929 1096 incon·

248 1111 352 1172 stantib
364 1111 522 1184 nominati,
536 1115 676 1183 excusati,
688 1111 848 1185 substituti,
863 1138 929 1176 am·

250 1193 311 1253 bitu
332 1191 495 1254 remanendi
527 1213 574 1254 aut
602 1194 708 1264 eundi,
733 1214 763 1255 ut
785 1216 928 1278 quemque

251 1294 342 1334 metus
360 1275 406 1334 vel
424 1296 484 1355 spes
500 1274 659 1355 impulerat
908 1333 911 1338 .

292 1355 358 1416 XX.
373 1357 506 1416 Proxima
522 1358 645 1436 pecuniae
663 1376 728 1414 cura
748 1378 755 1413 :
775 1365 803 1416 &
824 1362 927 1422 cuneta

249 1437 436 1498 scrutantibus
455 1435 639 1516 justissimum
658 1438 750 1496 visum
776 1435 835 1508 est,
859 1439 927 1500 inde

250 1521 353 1596 repeti,
373 1517 422 1576 ubi
440 1517 541 1598 inopiae
557 1540 640 1578 causa
652 1537 718 1577 erat.
735 1517 824 1578 Bis&
839 1522 928 1582 vicies

251 1600 354 1658 millies
371 1597 522 1659 sestertium
538 1598 739 1658 donationibus
753 1598 831 1659 Nero
846 1599 924 1660 effu-

251 1679 337 1740 derat.
359 1680 502 1760 Appeiiari
522 1680 649 1764 singulos
675 1683 777 1759 jussit,
805 1681 928 1744 decumis

250 1782 327 1843 parre
357 1761 531 1822 liberalitatis
558 1761 632 1843 apud
658 1782 799 1843 quemque
827 1785 928 1823 eorum

250 1843 354 1905 relidi.
372 1845 413 1905 At
433 1845 488 1905 iilis
507 1845 555 1905 vix
575 1842 698 1904 decuma:
716 1865 797 1923 super
815 1848 929 1925 portio-

251 1947 300 1987 nes
323 1946 421 1987 erant:
437 1924 538 1986 iisdem
559 1947 624 2008 erga
637 1925 729 1985 aliena
743 1928 925 2005 sumptibus,

251 2008 353 2091 quibus
365 2029 413 2067 sua
427 2006 630 2089 prodegerant3
642 2027 730 2088 quum
739 2010 925 2089 rapacissimo

247 2090 353 2169 ”cuique
382 2109 415 2147 ac
444 2087 654 2167 perditissimo,
673 2109 745 2147 non
769 2090 852 2169 agri,
877 2110 927 2150 aut

247 2170 366 2239 funus,
384 2168 432 2229 sed
445 2170 505 2229 sola
518 2163 699 2229 instrumenta
711 2169 846 2228 vitiorum
857 2192 925 2231 ma-

251 2269 357 2313 nerent.
376 2250 528 2311 Exadioni
542 2252 658 2332 triginta
675 2251 781 2331 equites
798 2250 927 2312 Romani

251 2334 412 2415 praepositi3
432 2354 540 2393 novum
559 2331 646 2391 officii
664 2352 775 2413 genus,
802 2341 830 2391 δι
854 2355 923 2393 arn-

250 2416 313 2475 bitu
333 2436 365 2473 ae
383 2435 499 2473 numero
516 2434 690 2472 onerosum:
705 2413 808 2493 ubique
823 2411 924 2488 hasta,

250 2506 279 2557 ἃ
301 2498 391 2556 setior
415 2518 424 2552 r
447 2496 622 2577 &inquieta
643 2494 708 2554 urbs
733 2495 924 2557 auctionibus.

250 2578 388 2640 Attamen
400 2575 505 2659 grande
518 2575 671 2659 gaudium,
685 2572 763 2655 qudd
776 2596 835 2633 tam
846 2596 922 2655 pau-

251 2680 328 2741 peres
341 2658 451 2729 forent,
465 2659 566 2738 quibus
579 2655 710 2715 donasset
727 2655 821 2731 Nero,
835 2655 923 2737 quiam

248 2740 353 2823 quibus
366 2738 530 2803 abstulisset.
544 2738 725 2804 Exauttonti
737 2758 785 2821 per
798 2758 846 2799 eos
862 2739 922 2799 dies
