2100 3650
231 319 539 390 Histonrantmr
554 316 639 390 Lrs.
657 318 708 390 II.
737 338 799 414 155

112 453 207 499 motu
220 434 351 519 Aponius
366 439 549 509 Saturninus,
568 439 678 500 Moesiae
691 444 782 502 redlor
787 484 802 513 ,

118 523 276 600 pessimum
310 519 418 580 facinus
451 520 554 591 audet,
582 523 670 580 misso
698 541 805 582 eentu-

117 603 204 660 rione
234 601 271 662 ad
300 600 525 661 interficiendum
552 600 682 662 Tertium
714 604 806 664 Julia-

118 702 216 751 num,
238 684 362 764 septimae
381 683 504 766 legionis
527 683 673 765 legatum,
697 685 738 744 ob
758 687 802 746 si·

120 763 272 835 multaret,
291 765 393 844 quibus
412 776 525 825 causam
544 766 665 843 partium
689 785 805 845 praten·

120 843 218 904 debat.
241 846 385 916 Julianus,
407 865 552 926 comperto
574 845 756 920 discrimine,
775 857 804 909 δε

120 928 222 1009 gnaris
236 927 365 987 locorum
381 925 513 1005 adscitis,
529 945 577 1007 pet
594 929 659 987 avia
676 927 804 1001 Moesiae,

119 1006 196 1066 ultra
236 1023 365 1068 montem
394 1007 530 1068 Haemum
559 1005 685 1092 profugit
713 1031 719 1066 :
750 1029 805 1070 nec

120 1086 227 1148 deinde
251 1090 329 1148 civili
352 1090 429 1148 bello
455 1087 603 1161 interfuit,
632 1109 680 1170 per
709 1092 803 1152 varias

120 1189 218 1229 moras
235 1189 391 1251 susceptum
407 1170 445 1230 ad
459 1170 668 1250 Vespasianum
683 1172 734 1230 iret
743 1189 803 1231 tra-

120 1246 214 1322 hens,
241 1261 269 1315 δι
294 1272 329 1310 ex
352 1253 464 1312 nunciis
487 1251 721 1323 cunuabmdus,
755 1271 804 1314 aur

120 1351 283 1414 properans.
307 1406 310 1410 Δ

161 1413 330 1475 LXXXVI.
347 1414 387 1474 Ar
402 1415 431 1473 in
447 1414 595 1474 Pannonia
608 1413 804 1478 tertiadecima

119 1494 219 1578 legio,
250 1517 283 1556 ac
317 1497 436 1576 septima
473 1495 640 1566 Galbiana,
672 1495 803 1558 dolorem

118 1577 251 1657 iramque
277 1577 469 1636 Bedriacensis
498 1595 600 1660 pugna
620 1578 770 1638 retinentes
790 1621 804 1648 ,

119 1653 200 1716 haud
219 1661 381 1718 cunilanret
403 1659 581 1738 Vespasiano
600 1676 756 1729 accessere,
773 1660 803 1718 vi

120 1737 260 1819 praecipui
280 1739 369 1798 Primi
395 1739 524 1799 Antonii.
550 1737 578 1797 ls
606 1738 716 1819 legibus
742 1759 801 1796 no·

120 1840 209 1891 cens,
239 1830 267 1881 δι
295 1841 421 1901 tempore
444 1820 569 1880 Neronis
596 1816 662 1879 falsi
683 1819 803 1880 damna·

119 1920 182 1972 rus,
199 1904 271 1961 inter
286 1904 342 1962 alia
364 1902 432 1961 belli
449 1900 525 1961 mala
537 1946 549 1970 ,
562 1902 736 1960 senatorium
755 1922 804 1959 ot-

120 1985 220 2042 dinem
240 1985 446 2063 reciperaverat.
469 1982 635 2061 Praeposims
661 2004 676 2041 a
707 1982 803 2044 Galba

119 2067 247 2144 septimae
269 2067 395 2146 legioni,
412 2065 578 2145 scriptitasse
600 2060 713 2123 Othoni
737 2083 802 2123 cre·

120 2144 259 2216 debatur,
282 2146 383 2205 ducem
405 2167 435 2205 se
460 2144 585 2225 partibus
614 2141 757 2217 offerens3
786 2168 805 2206 a

119 2248 182 2309 quo
207 2227 371 2309 negleflus,
391 2229 421 2286 in
444 2226 524 2285 nullo
548 2221 710 2285 Othoniani
735 2225 806 2287 belli

120 2329 173 2367 usu
192 2306 248 2367 fuit
268 2308 453 2367 :labantibus
474 2306 588 2367 Vitellii
606 2308 701 2377 rebus,
722 2306 804 2368 Ves-

120 2391 271 2470 pasianum
290 2408 416 2460 secutus,
436 2388 541 2472 grande
561 2408 740 2448 momentum
757 2387 809 2449 ad-

121 2470 217 2540 didit,
236 2468 358 2529 strenuus
379 2490 483 2541 manu,
499 2488 627 2530 sermone
641 2489 807 2550 promptus,

121 2550 245 2611 serenda
258 2552 290 2610 in
302 2554 374 2612 alios
386 2549 499 2611 invidiae
515 2549 637 2621 artifex,
657 2549 806 2613 discordiis

121 2642 150 2694 δι
173 2632 358 2693 seditionibus
381 2651 502 2714 potens,
521 2651 643 2711 raptor,
667 2634 805 2716 largitor,

121 2733 193 2795 pace
227 2716 363 2793 pessimus
381 2750 409 2783 ‚s
424 2714 500 2773 bello
536 2734 595 2772 non
623 2715 812 2797 spernendus·

121 2796 221 2855 innui
236 2795 303 2855 inde
313 2796 429 2858 Moesici
437 2816 469 2855 ac
480 2794 637 2856 Pannonici
650 2799 803 2870 exercitus,

605 2875 683 2957 ij
