2100 3650
224 300 291 383 326
349 292 385 363 C.
416 294 571 364 Corn.
602 297 810 363 Tacrrt

218 412 339 473 nomina.
363 410 398 471 Si
425 414 541 474 Cerialis
563 413 706 487 imperium
733 410 895 474 Galliarum

218 492 290 557 velit
298 536 309 565 ,
328 497 401 569 ipsos
411 494 515 574 finibus
534 491 678 554 ciuitatum
695 517 807 553 suarum
825 519 894 554 con·

219 592 306 634 tentos
329 578 383 635 :si
396 576 523 649 praelium
547 577 660 645 mallet,
681 598 715 635 ne
737 577 769 634 id
787 577 898 651 quidem

219 656 343 716 abnuere.
362 656 409 716 Ad
426 677 459 715 ea
477 656 598 716 Cerialis
615 656 705 717 Civili
718 663 748 716 ‘&
764 656 899 716 Classico

219 734 293 795 nihil
313 759 319 793 ε
339 756 419 807 eum,
440 736 489 817 qui
505 737 635 795 atutlerat
654 739 729 818 ipsas
748 736 897 815 epistolas,

218 816 256 875 ad
272 818 472 876 Domitianum
494 819 580 877 misit.
597 814 832 887 Ho'stes‚<divisis
849 839 900 876 co·

240 898 273 955 iis
292 942 301 969 ‚
324 897 459 958 advenere
486 898 619 979 undique.
643 899 771 978 Plerique
792 899 896 978 culpa⁴

219 917 289 1037 bant
309 978 469 1050 Cerialem,
490 1000 604 1061 passum
626 980 727 1061 jungi,
749 998 821 1059 quos
836 979 899 1039 dis-

220 1080 310 1118 cretos
330 1061 490 1140 intercipere
508 1062 637 1119 licuisset.
657 1060 803 1118 Romanus
817 1080 901 1120 cuer⁴

220 1142 290 1200 citus
313 1138 399 1200 castra
427 1140 503 1201 fassit
523 1142 658 1222 vastoque
682 1140 866 1199 circumdedit
890 1161 900 1199 t

242 1224 284 1281 uis
297 1240 398 1281 temere
410 1242 492 1281 antea
509 1224 607 1281 intutis
621 1221 791 1281 consederat.
810 1220 901 1301 Apud

221 1242 382 1363 &ermanus
392 1302 505 1363 diversis
516 1305 659 1362 sententiis
671 1298 836 1361 certabatur.

261 1382 364 1443 LXX
379 1382 440 1444 VI.
466 1384 569 1445 Civilis
589 1383 766 1459 opperiendas
790 1383 898 1442 Trans·

220 1463 399 1523 rhenanorum
418 1484 534 1543 gentes,
556 1485 670 1542 quarum
686 1482 787 1523 terrore
800 1465 901 1540 fram

214 1548 312 1619 populi
336 1544 458 1605 Ronmnt'
482 1547 558 1607 vires
579 1546 767 1605 obtererentur.
795 1544 900 1604 Gallos

197 1624 286 1703 'quia
303 1626 400 1697 aliud,
428 1626 508 1704 qudrn
527 1630 648 1701 predam
669 1624 843 1685 vilioribus?
869 1624 900 1685 δ’

220 1724 310 1767 tarnen
322 1712 393 1784 quod
407 1708 510 1766 roboris
529 1709 588 1779 sit,
602 1709 728 1786 Belgas,
742 1728 832 1765 secum
842 1728 901 1779 pa-

219 1789 297 1861 lam,
323 1807 371 1848 aut
391 1808 455 1850 vato
476 1791 558 1871 flare.
590 1788 702 1859 Tutor,
728 1788 900 1848 conatione

220 1891 334 1930 crescere
348 1891 402 1929 rern
421 1871 574 1930 Romanam
589 1869 777 1938 adfirmabat,
799 1886 900 1928 coeun-

220 1949 293 2010 tibus
321 1953 434 2027 undique
458 1952 629 2013 exercitibus.
664 1951 859 2010 Transveliam
883 1972 900 2010 e

219 2031 371 2090 Britannia
392 2031 522 2112 legionem
530 2055 544 2106 ,·
557 2036 661 2092 accitas
681 2052 716 2090 ex
734 2031 899 2104 Hispania,-

220 2117 367 2172 aduentare
379 2135 412 2170 ex
423 2116 512 2172 italia
527 2139 537 2172 :
555 2136 602 2174 nec
619 2113 738 2172 subitum
758 2113 876 2170 'militem
886 2157 899 2181 ,

221 2197 271 2253 scd
287 2209 403 2253 ueterem
422 2213 608 2271 expertumque
626 2195 701 2267 belli.
718 2194 797 2252 Nam
820 2192 902 2252 Ger-·

220 2295 337 2341 manos,
354 2273 399 2350 qui
415 2275 448 2332 ab
465 2276 535 2350 ipsis
552 2295 708 2350 sperentur,
721 2297 775 2332 non
785 2275 897 2353 juberi,

221 2379 276 2416 non
294 2355 367 2431 regi,
384 2359 539 2416 redeuntia
557 2379 591 2415 ex
608 2357 724 2416 libidine
737 2377 826 2434 agere.
843 2355 899 2415 Pe-

221 2439 391 2511 cuniamque,
408 2459 439 2495 at
456 2441 545 2507 dona,
564 2439 626 2514 quis
641 2435 710 2496 solis
726 2457 899 2509 corrumpan-

143 2575 145 2580 .
221 2537 285 2588 tur,
306 2519 411 2596 majora
428 2523 500 2592 apud
516 2519 655 2577 Romanos
682 2543 692 2576 .-
716 2514 901 2576 &neminem

222 2605 288 2658 adeo
305 2601 334 2656 in
349 2619 424 2656 arrna
436 2621 568 2673 pronum,
582 2619 613 2658 ut
627 2621 681 2658 non
696 2600 767 2657 idern
778 2600 899 2671 pretium

222 2681 338 2756 quietis,
359 2678 437 2752 qudem
446 2681 581 2754 periculi,
593 2681 673 2738 malie
689 2704 699 2737 .·
712 2679 826 2755 qudd'si
832 2680 896 2758 sta-

219 2764 273 2820 tim
289 2761 513 2839 congrediantur,
526 2763 619 2821 mellus
637 2783 695 2821 esse
710 2760 831 2832 Ceriali,
842 2759 901 2818 nisi
