2100 3650
181 322 495 397 HassoarAaurr
510 322 596 397 Lis.
614 328 681 400 IV.
719 348 786 421 319

112 466 197 519 seut,
217 450 306 507 sedem
335 448 449 521 imperio
476 450 619 527 legerent?
646 447 789 513 Nondum

111 528 249 598 vicloria,
262 533 320 607 jam
336 527 475 589 discordia
490 548 550 589 erat
562 554 570 587 ε
583 532 645 590 aliis
661 530 766 593 foedera
773 572 786 605 ,

112 608 283 691 quibusdam
304 630 371 688 opes
391 611 461 670 vires
482 630 537 682 ue,
553 629 603 671 aut
622 610 789 673 vetustatem

111 691 247 771 originis,
267 708 316 771 per
327 688 417 773 jurgia
428 632 607 770 juliantlbusc
622 691 724 753 Taedio
740 693 789 754 fu·-

113 786 260 839 turorum,
290 774 432 850 prasentia
459 772 593 851 placuere.
624 773 788 837 Scribuntur

110 850 148 913 sd
161 850 298 910 Treveros
316 850 456 930 epistola,
474 855 590 913 nomine
604 854 764 934 Galliarum
775 902 788 928 ‚

111 950 143 991 ut
162 932 320 1013 abstinerent
334 935 438 1003 annis,
457 934 623 1009 impetrabili
639 935 788 1007 venich&

106 1014 219 1088 paratis
237 1014 469 1087 deprecatoribus,
483 1018 511 1074 si
522 1018 672 1089 paeniteret.
694 1016 789 1078 Resti⁴

112 1094 147 1152 tit
170 1093 247 1153 idem
273 1094 463 1165 Valentinus,
482 1094 672 1177 obstruxitque
692 1100 790 1159 civita·

46 1200 50 1204 ’
111 1175 147 1233 tis
176 1194 233 1234 sust
258 1194 357 1245 aures,
386 1172 461 1234 haud
490 1176 603 1255 perinde
628 1176 789 1241 instruendo

111 1252 189 1314 bello
210 1257 352 1326 intentus,
376 1255 462 1337 quim
484 1256 615 1339 frequens
635 1262 788 1321 concioni·

112 1334 172 1397 bus.

153 1416 246 1477 Lxx.
265 1410 356 1499 igitur
377 1438 434 1478 non
452 1412 587 1491 Treveri,
606 1440 697 1503 neque
718 1423 791 1485 Lin-
873 1476 877 1480 .

112 1518 219 1581 gones,
241 1518 369 1559 ceteraeve
395 1500 542 1560 rebellium
566 1504 714 1575 civitates,
755 1526 789 1565 ro

111 1580 311 1663 magnitudine
324 1583 441 1661 suscepti
452 1580 622 1644 discriminis
634 1606 725 1667 agere.
737 1526 790 1646 lle

110 1658 195 1720 duces
227 1659 341 1741 quidem
372 1664 401 1721 in
432 1684 520 1722 unum
553 1666 703 1727 consulere.
732 1665 789 1726 Sed

111 1741 215 1802 Civilis
238 1744 301 1803 avia
329 1742 477 1828 Belgarum
507 1746 695 1818 circumibar3
719 1746 789 1807 dum

111 1822 269 1886 Claudium
288 1824 453 1886 Labeonem
478 1847 598 1906 capere,
618 1847 666 1888 aur
689 1844 790 1888 extur-

111 1907 178 1966 bare
201 1908 306 1966 nititur.
329 1907 489 1978 Classicus,
513 1929 598 1990 segne
624 1911 790 1992 plerumque

110 1990 203 2048 otium
228 1985 358 2059 trahens,
377 1989 454 2048 velut
475 2008 555 2068 parto
575 1991 694 2070 imperio
712 1990 789 2051 fiue-

110 2069 201 2129 batur.
225 2068 270 2127 Ne
289 2069 382 2128 Tutor
401 2070 516 2150 quidem
532 2075 685 2132 maturavit
706 2093 789 2155 supe⁴

109 2149 215 2210 rior'em
241 2149 401 2210 Germaniae
427 2153 540 2230 ripam,
570 2161 599 2212 dt
626 2153 712 2214 ardua
739 2157 791 2215 Al-

109 2234 191 2312 pium
222 2231 353 2310 praesidiis
380 2233 514 2292 claudere.
546 2233 640 2314 Atque
675 2237 788 2296 interim

111 2313 332 2373 unaetvicesima
350 2313 427 2406 legio
446 2313 641 2387 Vindonissit,
658 2316 790 2377 Sextilius

109 2393 189 2453 Felix
216 2413 279 2452 cum
300 2395 453 2454 auxiliariis
469 2391 632 2455 cohortibus
654 2416 703 2476 per
723 2395 790 2456 R:-

110 2477 182 2535 tiam
206 2475 341 2554 inrupere⁶
363 2477 487 2535 Accessit
513 2476 558 2534 als
578 2476 787 2559 Singularium,

110 2559 203 2617 excita
224 2557 296 2616 olim
319 2579 335 2615 a
355 2555 498 2626 Vitellio,
520 2556 622 2616 deinde
644 2558 674 2616 in
698 2577 790 2638 partes

111 2637 282 2717 Vespasiani
297 2656 474 2719 transgressa.
489 2636 608 2697 Praeerat
622 2639 711 2699 Julius
722 2639 788 2699 Bri·

112 2719 258 2801 ganticus,
274 2736 366 2778 sorore
385 2718 489 2780 Civilis
506 2721 633 2800 genitus,
649 2740 681 2780 ut
702 2714 790 2779 ferme

113 2801 248 2862 accrriraa
275 2801 468 2883 proximorum
490 2800 558 2859 odia
577 2819 662 2874 sunt,
686 2803 792 2864 invisus

528 2879 559 2942 Ο,
578 2882 608 2942 iv
