2100 3650
227 293 540 366 Hrsroaranun
555 295 638 364 Lis.
654 295 724 365 ΙΙΙ.
751 315 816 366 211

145 430 260 474 externo
277 415 354 476 bello
369 416 505 498 inligari,
525 437 587 496 pars
606 417 717 476 consilii
734 419 823 498 pacis·

145 517 200 578 que
220 515 285 578 erat.
459 552 463 560 ,
881 562 888 578 .

145 637 150 644 ,
186 576 309 638 XLVII.
335 577 398 638 Nec
421 594 518 636 cetera
541 579 670 638 nationes
691 578 820 640 silebant.

144 658 247 719 Subita
264 676 312 740 pet
331 659 455 718 Pontum
473 679 552 718 arma
572 659 721 720 barbarum
739 681 823 722 man·

145 740 273 819 cipium,
288 741 371 833 regiae
384 739 530 820 quondam
550 740 644 801 classis
657 735 821 821 praefectus,

145 841 274 888 moverat
293 844 299 878 t
319 814 412 880 isfuit
430 821 584 890 Anicetus,
605 822 769 882 Polemonis
788 823 823 882 li-

144 901 257 974 bertus,
283 920 461 982 ptaepotens,
493 903 586 973 olim,
616 912 643 963 &
672 901 821 984 postquam

144 1003 263 1066 regnum
294 986 324 1042 in
351 981 475 1042 formam
502 985 652 1063 provinciae
679 1003 819 1057 verterat,

144 1065 309 1124 mutationis
330 1064 488 1145 impatiens.
512 1065 601 1148 igitur
622 1065 734 1124 Vitellii
760 1088 818 1125 no·

144 1146 244 1216 mine,
262 1144 374 1206 adscitis
393 1146 540 1229 gentibus,
558 1166 619 1226 quae
636 1147 759 1206 Pontum
776 1169 821 1212 ao·

144 1227 258 1297 colunt,
271 1245 401 1307 corrupto
416 1228 446 1286 in
462 1248 542 1306 spem
559 1227 718 1306 rapinarum
733 1249 821 1310 egen·

143 1308 254 1370 tissimo
278 1326 410 1391 quoque,
436 1306 512 1366 haud
535 1308 692 1368 temnendae
720 1308 821 1372 mantis

144 1387 244 1450 ductor
263 1435 275 1458 ,
308 1389 549 1468 Trapezuntem,
573 1387 711 1451 vetustam
744 1392 821 1451 Asiae

144 1471 310 1540 civitatem,
329 1492 347 1530 a
369 1470 474 1532 Graecis
497 1472 528 1530 in
549 1490 673 1532 extremo
694 1472 819 1532 Ponticae

143 1571 200 1611 orae
219 1550 386 1623 conditam,
408 1552 514 1612 subitus
538 1553 651 1633 inrupit.
673 1553 756 1616 Casa
779 1554 821 1614 ibi

143 1630 270 1706 cohors,
291 1635 401 1718 regium
415 1634 551 1694 auxilium
571 1635 662 1707 olim,
681 1656 750 1696 mox
769 1635 821 1696 do·

142 1718 204 1777 nati
224 1717 338 1776 civitate
358 1714 511 1786 Romani,
531 1716 612 1799 signa
636 1737 770 1799 armaque
789 1719 819 1780 in

142 1794 270 1865 nostrum
298 1796 440 1870 modum,
463 1796 601 1860 desidiam
621 1798 764 1871 licentiam
786 1821 821 1860 ue

142 1879 309 1941 Graecorum
329 1880 494 1941 retinebant.
517 1880 611 1941 Classi
632 1903 746 1965 quoque
766 1821 818 1943 ia-

142 1982 190 2023 ces
208 1963 323 2032 intulit,
336 1985 427 2023 vacuo
447 1964 521 2023 mari
533 1962 667 2035 eludens,
682 1966 749 2045 quia
762 1964 821 2023 lec-

142 2044 267 2103 tissimas
287 2042 522 2116 Liburnicarum,
549 2065 721 2127 omnemque
744 2047 820 2105 rnili-

142 2143 202 2189 tem
219 2126 373 2186 Mucianus
394 2126 564 2207 Byzantium
579 2126 719 2209 adegerat.
737 2128 819 2205 Quin

143 2214 172 2265 &
194 2205 307 2267 barbati
332 2210 528 2288 comtemptim
549 2208 744 2291 vagabantur,
768 2210 817 2269 fa·

143 2286 256 2349 bricatis
269 2308 381 2369 repente
396 2290 513 2350 navibus
531 2294 677 2361 (camaras
691 2300 818 2366 vocant)

142 2371 225 2429 arilia
250 2370 405 2441 lateribus,
430 2370 487 2431 latai
508 2372 599 2442 alvo,
625 2373 685 2430 sine
703 2372 819 2431 vinculo

142 2452 204 2510 atris
226 2469 275 2511 aut
295 2450 360 2509 ferri
374 2450 500 2510 connexi
518 2476 525 2510 ι
548 2460 575 2512 &
597 2452 707 2511 tumido
729 2454 817 2526 mari,

142 2551 227 2611 prout
256 2532 356 2591 liutius
381 2532 543 2604 attollitur,
567 2552 678 2593 summa
702 2534 818 2595 navium

142 2612 247 2673 tabulis
274 2631 378 2695 augent
393 2660 407 2686 ,
436 2613 526 2673 donec
554 2616 584 2673 in
608 2614 726 2675 modum
750 2618 817 2676 tetii

143 2695 317 2755 claudantur.
351 2694 397 2754 Sic
426 2697 498 2754 inter
522 2694 612 2756 undas
637 2698 817 2769 volvuntur,

137 2777 204 2855 ‘pari
214 2777 353 2859 utrimque
363 2775 463 2858 proti,
479 2785 507 2839 &
527 2778 658 2839 mutabili
674 2780 817 2863 remigio,
