2100 3650
229 287 276 366 64
339 277 376 350 C·
405 276 548 348 Conn.
580 280 758 348 TAorrr

136 439 139 442 -
224 399 332 462 amicos
354 396 472 470 habuit,
500 405 529 458 δι
551 418 620 464 mox
652 399 729 458 bello
752 400 826 460 inter
854 398 916 464 du⁴

226 503 271 542 ces
304 482 408 564 delegit
433 504 440 538 :
474 481 632 562 mansitque
665 479 786 552 Celso,
826 485 910 544 velut

177 569 186 586 “
225 561 366 632 fataliter,
388 563 475 621 etiam
496 582 547 641 pro
568 559 687 622 Othone
698 557 766 622 fides
775 565 909 648 integra,

226 651 253 705 δι
273 641 380 705 infelix.
403 641 480 703 Laeta
498 642 667 724 primoribus
689 645 830 715 civitatis,
853 667 905 707 ce-

225 724 331 784 lebrata
350 723 381 784 in
396 724 497 807 vulgus
508 723 589 785 Celsi
602 725 696 796 salus,
716 746 750 786 ne
763 727 909 787 militibus

226 805 343 888 quidem
373 808 483 889 ingrata
515 803 592 878 fuit,
616 804 749 867 eamdem
770 809 907 869 virtutem

224 887 452 959 admirantibus,
478 889 523 946 cui
543 888 741 952 irascebantur.

265 967 387 1030 LXXII.
407 967 460 1028 Par
478 968 544 1031 inde
560 969 730 1039 exsultatio,
748 967 909 1049 disparibus

224 1053 314 1112 causis
328 1069 493 1120 consecuta,
516 1051 667 1128 impetrato
686 1049 826 1133 Tigellini
839 1054 906 1112 exi-

225 1133 277 1192 tio.
298 1130 459 1213 Sophonius
477 1129 637 1213 Tigellinus
656 1131 783 1192 obscuris
806 1154 908 1214 paren·

225 1213 320 1287 tibus,
345 1211 423 1274 foeda
446 1211 583 1294 pueritiai,
607 1210 754 1292 impudici
772 1214 908 1289 seneffia,

225 1291 418 1376 ptaefeeluram
437 1293 559 1377 vigilum
579 1303 606 1354 δι
625 1295 773 1374 praetorii,
797 1304 826 1356 &
848 1297 908 1358 alia

225 1380 340 1458 praemia
351 1379 503 1446 virtutum,
524 1377 592 1457 quia
605 1376 729 1436 velocitis
740 1395 815 1448 etat,
829 1379 910 1440 vitiis

225 1456 363 1538 adeptus,
382 1452 575 1517 crudelitatem
595 1477 683 1528 mox,
704 1455 810 1518 deinde
832 1480 906 1520 ava-

225 1539 341 1610 ritiam,
364 1548 392 1602 &
420 1537 512 1598 virilia
546 1539 649 1598 scelera
679 1541 821 1610 exercuit,
843 1561 909 1604 cor-

224 1639 308 1700 rupto
323 1619 360 1680 ad
378 1640 465 1680 omne
483 1618 592 1680 facinus
614 1620 751 1692 Nerone,
773 1621 907 1702 quaedam

225 1701 327 1785 ignem
349 1722 445 1771 ausus,
463 1721 497 1762 ac
512 1699 653 1780 postremb
671 1701 796 1781 ejusdem
814 1705 910 1764 deser·

187 1800 188 1803 ’
228 1801 273 1845 tor
287 1805 320 1845 ac
336 1783 470 1866 proditor.
489 1782 585 1846 Unde,
595 1805 655 1845 non
675 1784 764 1843 alium
778 1787 907 1865 pertina-

226 1864 286 1927 eiiis
300 1866 337 1929 ad
350 1888 463 1948 poenam
474 1866 651 1949 flagitavere,
663 1864 773 1927 diverso
787 1863 909 1940 affedlu,

248 1948 329 2009 uibus
355 1949 455 2009 odium
476 1948 729 2020 Numisianae,
751 1956 779 2007 δι
804 1950 910 2029 quibus

227 1969 404 2091 desiderium.
430 2028 515 2111 Apud
544 2027 727 2092 GalbamT.
747 2028 832 2089 Vinii
853 2051 912 2111 po-

227 2110 315 2171 tentii
336 2110 492 2183 defensus,
515 2112 687 2191 praerexentis
709 2129 851 2171 servaram
873 2113 911 2171 ab

227 2214 258 2251 eo
280 2192 413 2271 filiam..-
441 2202 468 2253 &
496 2188 573 2252 haud
609 2191 696 2253 dubie
727 2212 908 2265 servaverat,

227 2294 287 2333 non
319 2272 468 2333 clementii
500 2276 627 2354 <quippe
658 2292 702 2335 tot
728 2272 909 2349 interfestis)

226 2354 276 2415 sed
304 2350 411 2439 effugio
437 2358 467 2415 in
500 2354 652 2415 fututum:
675 2356 743 2437 quia
769 2357 910 2435 pessimus

228 2438 365 2519 quisque,
391 2436 548 2497 diffidentia
571 2438 746 2516 praesentium
770 2438 912 2497 mutatio·

227 2540 295 2579 nem
313 2540 437 2597 pavens,
461 2517 590 2579 adversus
609 2519 755 2598 publicum
782 2517 908 2590 odium,

178 2671 182 2675 Ι
229 2601 367 2679 privatam
393 2602 513 2684 gratiam
539 2620 672 2680 praeparat
696 2625 704 2659 z
732 2599 806 2661 unde
828 2600 910 2661 nulla

229 2682 397 2743 irinocentiae
428 2686 515 2753 cura,
541 2680 590 2741 sed
615 2684 692 2742 vices
720 2682 911 2762 impunitatis,

208 2760 276 2836 ,Eo
301 2761 436 2828 infensior
460 2764 605 2847 populus,
636 2760 733 2827 additi
761 2762 798 2827 ad
828 2783 912 2825 venas
