2100 3650
229 256 296 323 288
353 250 390 321 C.
420 252 576 321 eoru.
608 252 815 319 TAchr

225 376 293 455 quia
312 392 394 433 uates
419 368 524 431 saeuitii
538 368 639 430 hiemis
659 368 908 449 prohibebantur,

225 456 345 537 vulgus,
368 453 502 512 alimenta
517 453 546 511 in
564 450 621 509 dies
635 454 752 510 mercari
768 452 884 511 solitum
895 497 908 523 ‚

166 547 168 553 '
227 537 273 595 cui
290 556 345 615 una
363 555 396 593 ex
414 534 508 613 repub.
528 543 647 592 'annonae
668 553 751 602 cura,
776 533 909 592 clausum

227 616 329 685 littus,
355 615 467 673 retineri
498 623 672 672 commeatus
705 612 773 671 dum
800 615 884 673 timet
896 639 912 685 ,·

228 695 358 755 credebat
379 716 386 752 ε
407 693 575 779 augentibus
593 693 703 753 famam
723 694 907 774 Vitellianis,

230 778 280 857 qui
299 774 421 834 studium
441 776 561 855 partium
581 774 709 833 nondum
727 794 878 855 posuerant
897 797 908 833 t

230 878 266 917 ne
294 857 447 916 vietoribus
474 856 591 936 quidem
622 858 734 937 ingrato
765 877 908 928 rumore,

220 958 351 1019 ¹quorum
368 936 548 1017 cupiditates,
567 940 685 999 externis
703 959 817 1019 quoque
838 939 907 997 bel-

193 1032 195 1035 “
230 1020 264 1089 iis
276 1019 475 1113 inexplebiles,
490 1018 567 1081 uuila
584 1041 721 1103 umquam
735 1020 830 1095 ‚civilis
845 1022 911 1080 vic-

230 1120 303 1195 prra
322 1118 442 1161 satiavit.
696 1188 700 1191 ἡ

272 1180 412 1243 XXXIX.
438 1182 502 1242 Kal.
528 1183 693 1254 Ianuariis,
724 1184 755 1242 in
781 1201 880 1242 senatu
896 1228 910 1255 ‚

233 1282 318 1344 quem
345 1264 432 1323 Julius
456 1264 627 1333 Frontinus,
648 1282 746 1343 praetor
765 1262 909 1335 urbanus,

233 1364 405 1413 vocaverat,
429 1344 530 1427 legatis
550 1346 785 1425 exercitibusque,
803 1366 838 1403 ac
858 1366 907 1402 re-

255 1426 334 1495 ibus,
347 1428 440 1485 laudes
455 1444 596 1505 gratesque
614 1424 736 1485 decretae.
752 1425 792 1483 Et
806 1424 910 1484 Tertio

232 1445 348 1567 iuliano
368 1520 500 1587 praetura,
517 1526 652 1583 tamquam
669 1507 910 1586 transgredientem

234 1590 266 1649 in
279 1604 373 1663 partes
393 1587 562 1663 Vespasiani
577 1589 709 1666 legionem
726 1588 911 1657 desentisset,

213 1743 214 1746 Ἴ
235 1667 347 1739 ablata,
368 1686 398 1727 ut
417 1669 448 1727 in
465 1668 591 1727 Plotium
605 1666 749 1749 Griphum
771 1666 909 1726 transfer-

235 1767 317 1809 retur.
339 1748 452 1809 Hormo
471 1749 600 1832 ,dignitas
624 1747 754 1831 equestris
775 1747 851 1808 data.
871 1748 912 1808 Et

237 1851 327 1902 mox,
347 1837 469 1910 ejurante
489 1831 653 1902 Frontino,
678 1831 774 1892 Cesar
798 1831 910 1890 Domi-

237 1915 330 1979 ,tianus
346 1931 493 1992 praeturam
515 1913 597 1990 cepit.
617 1911 686 1990 Ejus
708 1931 814 1971 nomen
838 1913 913 1989 epis-

239 1994 304 2053 tolis
328 1993 480 2074 ediiiis'que
501 1993 712 2072 praeponebatur
735 2016 741 2049 ι
764 1994 807 2051 vis
829 2013 913 2072 penes

237 2075 407 2136 Mucianum
426 2091 511 2143 erat3
532 2075 586 2132 nisi
605 2070 683 2153 qubd
703 2074 833 2154 pleraque
851 2073 913 2132 Do-

239 2157 396 2224 tuisianus,
416 2152 612 2237 instigantibus
638 2156 758 2224 amicis,
777 2173 826 2213 aut
842 2174 911 2232 pro-

259 2234 301 2294 tiit
338 2235 477 2306 libidine,
510 2234 640 2295 audebat.
672 2235 728 2294 Sed
763 2235 912 2314 praecipuus

240 2257 380 2380 idaciano
397 2335 486 2376 metus
502 2337 517 2374 e
535 2317 632 2375 Primo
651 2315 801 2386 Antonio,
821 2316 913 2374 Varo-

243 2419 298 2480 que
315 2399 398 2458 Arrio
420 2421 427 2455 ε
448 2416 519 2478 quos
540 2415 683 2467 recentes,
703 2398 847 2477 clarosque
865 2417 911 2454 re-

243 2499 305 2540 rum
322 2477 415 2548 fami,
435 2499 467 2537 ac
484 2479 607 2537 miiitum
623 2475 736 2549 studiis,
755 2479 841 2536 etiam
857 2498 911 2556 po-

244 2560 324 2642 pulus
355 2559 494 2629 fovebat,
519 2561 587 2640 quia
615 2559 644 2616 in
672 2561 814 2617 neminem
845 2558 928 2618 ultra.

244 2643 336 2700 aciem
368 2642 519 2700 sevierunt.
550 2639 588 2698 Et
614 2637 753 2698 ferebatur
774 2641 913 2698 Antonius

243 2721 461 2789 Scribonianum
484 2721 643 2791 Crassum,
662 2721 782 2806 egregiis
801 2721 913 2861 majgiri·

863 2822 912 2873 us,
