2100 3650
128 365 130 373 Α
172 311 174 317 ⁴
206 296 513 364 Hisroumuuu
527 293 612 363 ΜΒ.
628 292 699 362 ΙΙΙ.
741 314 805 382 23¹

133 414 298 476 Vitellianis
334 412 396 474 fuit.
436 411 581 483 Sabinus,
608 432 637 471 te
661 410 775 493 trepidd
800 454 812 486 ,

155 497 213 556 uod
245 497 415 556 tutissimum
444 514 461 553 e
490 494 694 574 presentibus,
716 512 811 555 arcem

133 517 275 658 bapitolii
303 575 405 637 insedit
429 576 549 647 milite,
575 584 603 635 δι
638 575 810 656 quibusdam

134 678 295 721 senatorum
329 660 539 739 equimmque3
567 676 688 737 quotum
717 659 813 716 nomi·

133 762 171 800 na
202 740 309 799 tradere
345 736 422 798 haud
452 756 622 819 promptum
654 735 713 808 est,
738 756 811 819 quo·

133 824 212 881 niam
229 823 337 882 victore
350 820 551 900 Vespasiano,
574 818 657 879 multi
677 818 707 879 id
724 822 811 881 meri·

133 920 194 961 tum
228 922 294 985 erga
328 921 419 981 partes
450 902 625 961 simulavere.
659 900 813 962 subierunt

134 983 278 1043 obsidium
297 985 384 1043 etiam
401 980 514 1043 feminae
533 1006 541 1040 ε
560 984 631 1041 inter
642 1002 711 1063 quas
720 985 812 1041 maxi·

134 1064 183 1123 me
208 1066 347 1147 insignis,
372 1064 518 1124 Verulana
541 1062 684 1132 Gratilla,
717 1084 810 1145 neque

134 1145 256 1216 liberos,
288 1166 379 1226 neque
412 1146 604 1227 propinquos,
631 1144 679 1203 sed
702 1143 810 1205 bellum

133 1245 236 1287 secuta.
246 1226 417 1287 Vitellianus
427 1227 532 1297 miles,
554 1222 680 1285 custodid
698 1227 811 1286 socordi

133 1308 242 1368 clausos
275 1306 491 1377 circumdedit,
524 1326 638 1389 eoque,
671 1306 811 1368 concubia

106 1408 110 1414 ·
132 1394 217 1450 nocle
239 1435 248 1461 ,
277 1409 342 1448 suos
366 1388 470 1447 liberos
492 1388 631 1458 Sabinus,
653 1396 680 1448 &
701 1388 809 1448 Domi-

132 1473 241 1531 tianum
253 1468 345 1529 fratris
357 1466 465 1538 filium,
486 1470 516 1529 in
539 1468 717 1549 Capitolium
733 1473 811 1529 acci*

86 1616 88 1620 ,
130 1554 193 1624 vit,
207 1555 295 1611 misso
315 1570 363 1631 pet
380 1551 508 1633 neglecta
529 1550 566 1611 ad
586 1552 736 1611 Flavianos
755 1552 809 1611 du-

130 1652 178 1692 tes
189 1634 318 1703 nuncio,
341 1632 393 1715 qui
410 1634 598 1692 circumsideri
615 1634 711 1707 ipsos,
731 1628 759 1692 ἃ
776 1636 811 1693 nt'

128 1715 334 1784 subveniretur,
350 1720 439 1773 ardus
456 1736 499 1772 res
514 1714 666 1772 nunciaret.
681 1714 808 1773 Noctem

130 1795 204 1855 adeo
225 1796 351 1876 quietam
373 1797 451 1876 egit,
474 1812 506 1854 ut
525 1794 544 1854 d
595 1794 641 1853 edi
654 1795 713 1854 sine
731 1814 808 1856 noxa

131 1879 254 1956 potuerit
279 1897 287 1931 t
313 1877 416 1955 quippe
441 1875 521 1934 miles
574 1876 655 1935 itellii
678 1876 809 1940 adversus

130 1958 254 2037 pericula
272 1954 367 2027 ferox,
387 1954 576 2017 laboribus&
590 1959 621 2016 vi
641 1956 699 2016 iliis
707 1975 807 2038 parum
821 1981 823 1987 ·

130 2040 253 2100 intentus
277 2057 337 2096 erat
348 2060 364 2095 -t
384 2047 413 2098 &
432 2035 565 2098 hibernus
581 1977 674 2098 imber
692 2057 806 2120 tepente

129 2119 232 2190 fusus,
253 2119 351 2180 oculos
373 2139 507 2200 auresque
529 2119 717 2200 impediebat:

169 2201 262 2262 LXX.
274 2201 351 2261 Luce
360 2199 468 2280 primai,
487 2201 629 2274 Sabinus,
652 2221 805 2284 antequam

129 2284 253 2343 invicem
287 2280 400 2343 hostilia
433 2301 608 2361 captarent,
635 2283 804 2345 Cornelium

57 2412 60 2417 .
128 2364 317 2436 Martialem,
332 2385 348 2422 e
362 2365 596 2444 primipilaribus,
606 2364 643 2424 ad
651 2365 804 2425 Vitellium

129 2447 224 2517 misit,
239 2464 303 2505 cum
317 2443 498 2507 mandatis&
515 2447 624 2527 questu,
641 2445 802 2522 quddpaua

128 2527 308 2586 turbarentur.
324 2525 535 2587 simulationem
548 2523 704 2600 prorsus&
724 2529 801 2587 ima-
828 2581 829 2584 ,

125 2609 218 2686 ginem
227 2608 376 2684 deponendi
384 2609 495 2682 imperii
494 2609 605 2687 secisse,
617 2612 655 2668 ad
661 2610 801 2684 decipien-

128 2693 176 2748 dos
199 2709 241 2749 tot
264 2691 388 2772 inlustres
412 2690 500 2751 viros.
523 2693 577 2750 Cur
592 2691 667 2749 enim
681 2713 695 2750 e
708 2691 802 2771 rostris

119 2771 226 2851 fratris
245 2775 352 2836 donum
361 2817 375 2845 ,
393 2773 583 2832 immotum
589 2771 655 2852 foro
663 2818 676 2846 ,
694 2769 804 2833 uini-
