2100 3650
216 341 288 422 296
342 336 378 405 C.
408 338 553 406 CORN.
585 340 770 406 Tncirr

220 455 412 515 Germanicum
435 456 678 533 Britannicumque
700 455 838 525 militem,
861 477 898 515 ac

216 539 245 597 si
263 538 309 613 qni
328 538 443 595 aliorum
465 540 649 607 exercituum,
669 536 821 609 separatim
841 539 897 593 nd-

216 618 308 697 sissere
320 617 407 696 juber.
430 617 496 678 Illos
516 619 622 699 primus
637 617 730 677 stadm
746 614 900 695 adspedius

219 695 461 776 obstupefecerat3
492 720 580 780 quum
610 719 645 757 ex
679 697 790 757 diverso
815 697 897 756 velut

215 779 328 848 aciem,
347 780 408 839 telis
423 788 450 841 dc
464 782 549 839 armis
569 772 695 849 trucem',
713 797 800 837 semet
819 776 899 851 clang-

216 879 281 928 sos,
305 858 471 941 nudosque,
500 870 528 921 δι
548 861 652 919 inluvie
675 858 816 918 deformes
836 858 895 917 ad-

215 940 362 1018 spicerent.
384 942 428 1002 Ut
451 938 518 1003 veri>
537 937 593 1000 huc
611 942 677 1000 illuc
699 937 815 1001 distrahi
835 960 897 1009 (ατε

217 1040 310 1100 pere,
341 1040 432 1083 metus
464 1043 510 1102 per
544 1043 670 1092 omnes,
702 1030 729 1081 ὅ(
757 1021 897 1102 precipua

218 1100 385 1161 Germanici
409 1103 508 1163 militis
527 1102 671 1172 formido,
693 1100 898 1182 tamqnamei

218 1184 392 1263 separatione
406 1184 442 1243 ad
458 1183 562 1245 caedem
573 1181 790 1260 destinarentur:
806 1203 895 1261 pren-

218 1283 279 1323 sare
304 1265 589 1346 commanipularium
612 1267 744 1345 pedora,
771 1264 896 1323 cervici-

195 1416 196 1419 *
220 1343 272 1405 bus
299 1347 427 1415 innecti,
454 1366 582 1426 suprema
604 1347 699 1405 oscula
723 1363 837 1426 petere,
861 1368 898 1404 ne

218 1429 403 1485 desererentur
419 1428 494 1498 soli,
505 1449 558 1489 neu
576 1429 679 1502 inpari
695 1449 778 1485 cerua
798 1427 896 1500 disper-

218 1527 275 1565 rem
277 1508 421 1585 firrcurrnm
428 1526 589 1582 paterentur
596 1534 606 1567 .·
614 1505 704 1568 modi>
710 1508 896 1576 Mucianum,

217 1584 310 1647 modd
340 1587 485 1647 absentem
512 1590 694 1669 principem,
725 1584 898 1669 postremim

219 1669 376 1729 seriumne
400 1669 467 1729 deos
491 1668 622 1731 obtestari
643 1694 651 1727 ε
675 1670 765 1729 donec
784 1668 899 1728 Mucia-

218 1772 288 1822 nus,
308 1756 414 1811 cunnos
434 1752 552 1833 ejusdem
570 1752 735 1811 sacranunri
744 1796 756 1821 ,
776 1751 899 1830 ejusdem

216 1833 391 1907 imperatoris
412 1833 516 1892 milites
531 1834 695 1914 appellans,
708 1831 780 1892 falso
798 1833 898 1891 timori

219 1913 337 1974 obviam
362 1916 422 1974 iret.
448 1913 582 1994 Namque
603 1924 630 1975 &
651 1916 740 1972 vidior
762 1914 898 1973 exercitus

218 1994 344 2054 clamore
367 1995 504 2075 iacrymas
532 2016 629 2054 eorum
661 1994 784 2072 juvabat.
813 1993 899 2075 Isque

218 2072 284 2135 finis
296 2073 345 2134 illi
361 2075 415 2136 die.
430 2077 530 2136 Paucis
543 2074 604 2154 pdst
617 2076 714 2135 diebus
722 2124 734 2147 ,
745 2075 899 2155 alloquen-

219 2174 278 2214 tem
310 2157 509 2216 Domitianum
539 2155 643 2218 firmati
668 2161 725 2235 jam
756 2176 897 2234 excepere.

219 2237 359 2316 Spernunt
380 2238 492 2298 oblatos
520 2259 625 2322 agros3
648 2239 779 2297 miliciam
799 2234 826 2296 d·
842 2238 898 2318 sti-

214 2319 318 2395 pendia
347 2338 437 2378 orant.
464 2319 562 2380 Preces
588 2337 686 2389 erant,
718 2318 767 2379 sed
795 2318 899 2398 quibus

218 2398 449 2462 contradieinon
463 2421 577 2482 posset:
592 2401 678 2482 igitur
691 2402 721 2460 in
735 2399 899 2481 pretorium

217 2502 286 2540 acce
305 2483 336 2542 ti.
360 2481 459 2552 Dein,
488 2481 590 2562 quibus
609 2500 675 2540 artas
698 2490 726 2541 δι
751 2477 822 2558 justa
846 2477 901 2538 sti-

219 2501 342 2642 pendia,
356 2562 466 2624 dimissi
485 2585 549 2622 cum
566 2559 692 2633 bonore,
711 2562 762 2620 alii
778 2561 817 2620 ob
835 2560 901 2618 cui-

220 2663 308 2722 pam3
321 2642 368 2703 sed
386 2645 521 2724 carptim,
539 2665 572 2703 ac
589 2643 695 2726 singuli
714 2662 798 2721 :quo
819 2642 901 2701 tutis-

219 2725 295 2782 simo
314 2725 439 2786 remedio
465 2745 615 2787 consensus
633 2721 819 2785 multitudinis
843 2741 898 2782 ex-

221 2821 357 2868 tenuatur.
