2100 3650
266 278 335 340 166
387 270 425 365 C.
453 269 601 339 Cora.
632 267 826 369 TAcxrrr

262 391 412 454 Cercinam
435 410 469 450 ae
494 388 649 448 Valentem
670 377 796 466 expediri
819 383 859 445 ad
879 383 948 444 bel·

263 474 325 539 lum
348 472 427 551 jubet
450 495 458 528 ε
484 471 639 550 praemissus
662 467 780 527 Caecina
799 479 817 538 3'
835 468 950 526 Valen-

263 574 323 621 tem
339 574 354 611 e
373 553 453 635 gravi
471 552 595 632 corporis
616 550 797 608 morborum
821 548 951 629 primdm

263 634 482 717 adsurgentem,
508 630 656 692 infirmitas
680 629 822 690 tardabat.
845 629 953 712 Longe

264 717 321 781 alia
334 713 532 795 proficiscentis
548 735 581 772 er
599 712 666 771 urbe
684 711 855 772 Germanici
874 731 953 768 exer·

265 795 336 856 cittis
355 798 459 876 species
478 820 485 852 ι
506 817 566 854 non
587 797 670 877 vigor
686 793 872 873 corporibus,
889 813 952 852 non

265 877 349 938 ardor
370 879 472 936 animis
496 901 503 934 z
524 876 632 935 lentum
654 885 681 936 δι
701 896 796 934 rarum
818 894 951 957 agmen,

265 962 340 1021 fluxa
356 981 454 1030 arma,
471 979 568 1040 segnes
586 959 651 1038 equi
667 981 674 1014 ε
696 957 850 1036 impatiens
865 954 952 1026 solis,

287 1042 408 1110 ulteris,
432 1037 652 1118 tempestatum3
679 1057 879 1120 quantumque
902 1034 952 1094 he·

265 1061 315 1186 bes
336 1121 373 1180 ad
390 1119 579 1181 sustinendum
596 1121 723 1180 laborem
743 1120 843 1189 miles,
868 1116 951 1178 tantb

267 1202 304 1261 ad
334 1202 487 1262 discordias
510 1203 677 1281 promptior.
702 1199 871 1260 Accedebat
896 1197 951 1258 huc
1038 1241 1040 1280 ;

191 1329 194 1332 .
267 1283 391 1348 Caecinae
425 1283 547 1342 ambitio
579 1302 678 1353 vetus,
704 1301 800 1362 torpor
828 1302 950 1350 recens,

267 1364 358 1424 nimii
368 1365 487 1423 fortunat
497 1361 674 1446 indulgentiali
685 1364 769 1423 soluti
782 1366 814 1422 in
829 1364 930 1422 luxum
944 1386 953 1420 ε

266 1467 316 1506 seu
337 1444 482 1526 perfidiam
504 1445 660 1516 meditato,
684 1443 840 1528 infringere
864 1465 952 1504 exer-

267 1524 338 1590 cittis
359 1529 491 1587 virtutem
515 1529 587 1586 inter
613 1545 683 1586 artes
703 1546 770 1586 erat.
791 1525 953 1588 Credidere

268 1606 413 1690 plerique,
439 1609 531 1668 Flavii
556 1609 655 1668 Sabini
678 1609 803 1668 consiliis
832 1629 955 1668 concus-

267 1710 330 1750 sam
357 1690 479 1750 Caeciaat
505 1709 651 1760 mentem,
681 1689 809 1750 ministro
838 1709 953 1749 sermo·

267 1792 337 1833 num
357 1772 466 1831 Rubrio
486 1771 595 1843 Gallo,
616 1789 678 1831 rata
696 1775 769 1847 apud
793 1772 828 1831 V
823 1774 955 1847 aspasia-

270 1876 335 1917 num
340 1854 403 1931 fore
410 1859 492 1928 palla
502 1856 679 1913 transitionis
694 1878 701 1911 ε
717 1854 801 1913 simul
814 1854 955 1913 odiorum

267 1936 437 2016 invidiaque
453 1956 518 2018 erga
535 1935 655 1995 Fabium
674 1936 830 1995 Valentem
848 1934 954 1995 admo·

269 2015 405 2087 uebatur,
418 2034 448 2074 ut
464 2018 555 2091 impar
563 2022 636 2091 apud
653 2018 685 2076 V
681 2018 818 2087 itellium,
827 2019 953 2095 gratiam

269 2097 394 2174 viresque
409 2102 482 2171 apud
496 2120 598 2160 novum
610 2100 761 2173 principem
771 2117 897 2172 pararet.

311 2177 350 2239 C.
386 2178 502 2239 Caecina
533 2180 682 2259 complexu
714 2180 827 2239 Vitellii
856 2180 953 2239 multo

268 2280 337 2319 cum
366 2256 474 2319 honore
498 2260 658 2345 digressus,
683 2279 788 2341 partem
819 2262 953 2343 equitum

270 2341 308 2403 ad
334 2341 530 2420 occupandam
563 2342 740 2403 Cremonam
772 2344 907 2421 praemisit
942 2363 951 2398 :

271 2445 341 2483 mox
362 2423 499 2482 vexillarii
521 2424 763 2505 quartadecima,
790 2432 819 2483 &
845 2442 951 2483 sextat·

271 2506 388 2565 decimae
408 2506 573 2588 legionum3
596 2506 660 2565 dein
685 2506 799 2587 quinta,
820 2512 849 2563 &
869 2504 949 2563 duo-

270 2588 433 2645 etvicesima
452 2606 551 2646 secutae
569 2610 575 2645 ι
591 2585 731 2667 postremo
748 2586 864 2667 agmine
880 2606 953 2645 una·

271 2669 433 2727 etvicosima
459 2667 586 2747 Rapax,
612 2678 638 2728 &
661 2670 752 2747 prima
779 2666 879 2726 Italica
902 2669 950 2725 in·

270 2768 466 2821 cessere,cum
474 2750 624 2814 vexillariis
634 2749 950 2813 ttiumBritaanicarum
