2100 3650
193 294 505 383 Historiarum
519 291 604 365 lta.
620 290 689 365 IV.
726 314 791 385 ²9¹

117 434 156 477 etc
173 413 331 475 calamitate
351 414 456 494 ciuium
470 414 574 491 cepisse
590 437 602 475 t
620 414 753 496 trepidis,
771 425 798 477 dt

117 496 206 557 uerba
230 494 408 575 jurisjurandi
437 515 485 575 per
510 497 614 557 variar·
632 514 704 557 artes
728 513 796 557 mu·

115 576 266 647 rantibus,
291 578 354 657 quis
380 576 482 659 flagitii
503 578 675 639 conscieniia
697 579 799 641 inerat.

116 656 286 719 Probabanr
311 657 479 739 religionem
510 668 623 738 patres,
648 660 802 739 perjurium

120 740 287 823 arguebant.
311 737 410 818 anue
434 737 509 797 velut
537 755 671 821 renarra,
691 740 722 801 iu
745 741 800 801 Sa·

119 820 262 879 riolenum
287 818 458 891 Voculam,
485 827 513 880 tt
541 816 673 881 Nonium
697 821 800 884 Adiit·

118 918 212 971 num,
236 908 265 961 dt
287 897 415 961 Cestium
438 900 572 961 Severum
593 902 727 972 acerrime
752 904 800 964 ine

119 982 241 1053 cubuit,
264 981 365 1041 crebris
388 981 463 1059 apud
483 981 629 1042 Neronem
650 983 799 1043 delationi-

117 1061 175 1122 bus
191 1060 326 1122 famosos.
347 1061 523 1121 Sariolenum
542 1072 569 1123 &
586 1081 680 1124 recens
693 1065 800 1127 crimen

119 1162 155 1203 ur
177 1143 266 1212 ebat,
297 1142 376 1223 qudd
404 1143 477 1223 apud
506 1144 657 1203 Vitellium
684 1138 801 1207 molitus

117 1164 224 1283 eadem
252 1223 349 1282 foret:
375 1231 427 1283 nec
451 1223 555 1284 destitit
570 1245 679 1285 senatus
699 1244 801 1289 manus

120 1307 259 1364 intentare
283 1306 421 1375 Voculae,
440 1306 531 1365 donec
555 1304 630 1366 curili
648 1306 800 1369 excederet.

119 1386 171 1446 Ad
189 1386 317 1446 Patiium
340 1385 508 1447 Africanum
532 1389 711 1473 uanigressi,
732 1408 799 1449 eum

123 1488 238 1547 quoque
280 1467 467 1547 proturbant,
503 1486 652 1549 tamquam
688 1468 803 1531 Neroni

120 1548 289 1609 Scribonios
322 1547 417 1611 fratres
456 1550 607 1609 concordii
641 1551 742 1631 opibus
764 1571 801 1612 ue

122 1631 273 1711 insignes,
294 1628 331 1689 ad
348 1632 464 1690 exitium
487 1628 704 1693 monstravisset.
721 1574 801 1692 Ait·

87 1741 91 1747 ·
124 1732 211 1770 canus
235 1730 326 1791 neque
351 1710 432 1771 fateri
459 1712 602 1782 audebat,
623 1732 714 1793 neque
742 1712 802 1771 ab·

120 1812 209 1852 nuere
229 1808 357 1872 poterat:
376 1794 406 1852 in
418 1793 542 1853 Vibium
558 1793 709 1872 Crispum,
723 1798 803 1872 cujus

123 1873 391 1956 interrogationibus
414 1873 605 1956 fatigabatur,
632 1875 705 1934 ultro
730 1896 802 1934 con·

124 1974 241 2024 versus,
262 1955 417 2016 miscendo
438 1972 498 2037 quet
524 1951 672 2015 defendere
693 1957 806 2037 nequi->

125 2036 192 2106 bat,
211 2036 343 2097 societate
364 2037 450 2117 culpa
463 2035 602 2096 invidiam
620 2036 781 2102 declinavit.

167 2116 287 2176 XLII.
314 2119 456 2200 Magnam
482 2138 516 2177 eo
542 2117 587 2178 die
610 2119 721 2198 pictatis
745 2120 804 2178 clo·

125 2200 302 2280 quentiaeque
339 2197 447 2260 famam
481 2197 634 2280 Vipstanus
667 2201 805 2263 Messalla

126 2279 243 2360 adeptus
275 2277 331 2350 est,
368 2280 495 2340 nondum
530 2280 669 2340 senatorii
699 2301 802 2354 atate,

125 2383 209 2422 ausus
233 2380 283 2441 pro
309 2357 392 2420 fratre
412 2361 531 2442 Aquilio
556 2362 669 2444 Regulo
698 2362 802 2442 depre-

126 2444 193 2505 cari.
209 2441 351 2524 Regulum
368 2444 499 2504 subversa
517 2441 686 2504 Crassorum
705 2451 732 2502 δι
747 2443 805 2503 Or-

121 2521 200 2604 ‹phiri
217 2522 318 2584 domus
334 2525 364 2584 iu
383 2543 525 2584 summum
544 2523 644 2584 odium
659 2524 803 2586 errulerat.

126 2603 234 2684 Sponte
246 2607 302 2676 <ex
312 2603 342 2664 S.
355 2603 393 2666 C.
404 2611 417 2680 )
427 2606 635 2666 accmationem
644 2605 806 2690 subiissejtt·x

126 2688 205 2745 venis
227 2683 405 2760 admodum,
425 2707 476 2747 nec
496 2685 655 2766 depellendi
671 2688 805 2766 periculi,

125 2767 175 2829 sed
192 2767 223 2828 iu
243 2787 322 2850 spem
343 2765 474 2852 potentie
488 2767 805 2910 Vid²b³‘m'g}t..3¹¹¹li'

700 2869 722 2931 ¹l
