2100 3650
259 296 567 363 HrsrorerArtttrr
585 294 671 364 er.
694 293 738 365 V.
767 316 829 382 351

158 413 285 477 fororum
318 412 544 497 magnitudinem
571 414 769 494 interpretati,
798 433 835 473 ne

158 496 282 557 adversis
296 494 411 577 quidem
426 494 463 555 ad
473 516 540 555 vera
556 496 745 557 mutabantur.
756 495 835 555 Mul-

159 576 311 637 tstudinem
344 576 521 636 obsessorum
538 622 552 646 ,
586 578 681 636 omnis
713 578 834 648 aetatis,

157 659 239 719 virile
260 678 293 719 ac
316 658 452 719 muliebre
475 678 573 729 secus,
591 676 720 717 sexcenta
741 658 834 717 millia

158 736 245 799 fuisse
261 735 429 819 accepimus.
447 738 537 801 Arma
553 740 680 809 emetis,
695 740 747 820 qui
763 737 834 798 ferre

158 840 272 901 possent
294 844 301 879 ε
323 829 350 880 &
370 820 481 901 plures,
506 818 592 901 quim
619 841 670 899 pro
693 839 833 892 numero,

157 902 309 963 audebant.
321 900 484 961 Obstinatio
497 903 564 962 viris
576 900 745 983 feminisque
760 923 810 982 par
822 924 832 959 e

158 1004 214 1055 ac,
236 985 259 1043 si
282 981 426 1043 transferre
442 982 518 1043 sedes
535 1002 720 1066 cogerentur,
741 988 835 1062 major

159 1066 224 1125 vitae
246 1084 354 1136 metus,
372 1062 459 1145 qu‘am
475 1066 584 1124 mortis.
600 1063 685 1124 Hanc
702 1063 833 1125 adversus

159 1147 259 1205 urbem
280 1164 449 1230 gentemque
472 1144 569 1207 Cesar
591 1143 695 1214 Titus,
717 1145 834 1227 quando
917 1211 930 1227 Ι

157 1228 280 1307 impetus
305 1236 333 1289 dt
362 1227 454 1289 subita
479 1227 549 1287 belli
576 1227 655 1286 loeus
678 1227 833 1298 abnueret,

157 1309 309 1391 aggeribus
333 1309 477 1389 vineisque
498 1326 601 1367 certare
620 1305 724 1368 [hunt.
742 1308 832 1368 Divi-

159 1389 262 1449 duntut
284 1390 444 1472 legionibus
466 1390 586 1459 munia,
609 1398 637 1450 dt
659 1390 739 1469 quies
759 1410 834 1469 prte-

157 1472 261 1539 liorum
291 1469 367 1541 fuit3
396 1470 486 1531 donec
514 1474 614 1532 cundia
639 1471 835 1553 expugnandis

134 1556 135 1559 ’
159 1552 275 1612 urbibus
300 1570 406 1693 rppuerta
434 1551 508 1633 apud
529 1572 654 1623 veteres,
679 1571 729 1612 aut
750 1554 833 1614 noris
875 1575 881 1602 r

158 1653 190 1692 m
211 1654 298 1703 enrrs,
376 1651 491 1694 crentur.
528 1686 531 1692 .

236 1716 296 1775 lV.
312 1714 353 1774 At
368 1714 491 1786 Civilis,
512 1713 575 1795 post
589 1714 697 1775 malam
717 1716 748 1773 in
764 1714 834 1774 Tre·

158 1798 231 1857 veris
258 1816 407 1880 pugnam,
429 1814 557 1876 reparato
578 1815 626 1876 per
646 1794 833 1858 Germaniam

138 1879 302 1948 exercitu,
334 1877 408 1959 apud
438 1879 545 1938 Vetera
568 1875 654 1936 castra
681 1877 833 1949 consedit3

159 1977 234 2020 tutus
261 1960 349 2029 loco,
369 1968 397 2020 &
422 1977 454 2019 ut
476 1957 614 2018 memorii
641 1979 832 2038 prosperarum

158 2041 217 2098 illic
234 2060 325 2102 rerum
342 2059 520 2121 augescerent
534 2039 719 2099 Barbarorum
733 2042 832 2103 animi.

158 2122 275 2182 Secutus
301 2119 342 2179 est
373 2119 474 2182 eddetn
494 2120 656 2192 Cerialis,
685 2121 833 2202 duplicatis

159 2205 276 2283 copiis,
297 2197 432 2266 ,adventu
473 2201 598 2262 secundae
634 2211 662 2262 dt
691 2225 773 2264 sextae
804 2213 833 2265 dt

160 2284 289 2344 decime
309 2303 411 2365 quarrae
437 2283 604 2368 legionum.
636 2282 834 2365 Cohortesqtte

158 2374 187 2426 δι
206 2367 276 2438 alae,
290 2364 456 2445 jampridem
472 2368 587 2437 accita,
603 2364 665 2444 post
682 2368 832 2427 vidioriam

158 2466 381 2527 properaverant.
408 2447 514 2506 Neuter
544 2447 649 2505 ducum
677 2450 830 2509 candiator.

158 2528 215 2588 Sed
238 2527 350 2590 arcebat
373 2526 494 2588 latitudo
516 2547 707 2606 ramponem,
733 2549 832 2608 suopte

158 2611 276 2691 ingenio
309 2607 495 2669 humentium.
538 2608 693 2669 Addiderat
730 2609 833 2672 Civilis

161 2691 309 2772 obliquam
333 2691 362 2748 in
383 2689 516 2750 Rhenum
537 2691 661 2761 molem,
684 2693 761 2769 cujus
779 2694 834 2752 ob«

159 2775 235 2852 jeddu
250 2772 391 2834 revolutus
403 2775 513 2844 amnis,
534 2771 725 2854 adiacentibus
742 2793 834 2854 snper·
