2100 3650
203 280 512 350 Hrsroaraaurr
526 281 612 349 ω.
627 281 695 352 IV.
725 288 793 372 189

116 398 190 471 bus,
213 408 241 461 δι
265 397 386 459 fraterni
405 400 532 482 imagine
550 399 708 483 fulgentem
720 448 733 472 ,
756 404 794 465 ud

117 480 317 560 capessendam
337 482 463 561 rempub.
480 478 604 542 hortatus
624 505 632 538 t
650 480 728 543 haud
743 482 798 543 de·'

85 580 89 587 ¹
116 559 211 621 futuri
230 562 405 621 consciorum
422 583 529 631 manu,
546 565 578 621 ni
593 562 796 627 Scribonianus

117 642 281 713 abnuisset,
304 662 338 701 ne
350 645 452 722 paratis
464 642 579 723 quidem
595 648 736 725 corrumpi
752 645 796 706 fa·

116 722 198 794 cilis,
221 723 292 785 adeo
316 742 442 794 metuens
468 726 583 784 incerta.
609 724 699 807 Igitur
718 727 794 787 Mu·

115 805 236 873 cianus,
260 805 326 885 quia
344 805 491 885 propalam
511 807 634 885 opprimi
650 808 795 870 Anmnius

85 886 89 892 '
115 885 274 965 nequibat,
300 884 395 944 multis
418 886 448 945 iu
469 905 567 947 senatu
586 886 714 949 laudibus
736 906 795 950 cu·

115 966 276 1037 mulatuin,
294 968 409 1033 seeretis
435 969 577 1047 promissis
603 987 721 1040 onerat,
744 970 792 1030 ci-

113 1047 249 1106 teriorem·
267 1047 436 1121 Hispaniam
470 1045 611 1108 ostentans
625 1095 638 1119 ,
669 1052 795 1113 discurre

117 1128 212 1188 Cluvii
229 1126 295 1207 Rufi
316 1149 430 1188 vacuam
449 1152 459 1186 .·
480 1129 567 1188 simul
587 1132 687 1191 amicis
709 1137 794 1208 ejus,

113 1209 269 1269 tribunatus
289 1207 516 1289 praefediurasque
539 1211 667 1293 largitur.
691 1212 792 1284 Dein,

114 1286 263 1370 postquam
279 1290 393 1349 inanem
407 1292 536 1349 artimum
554 1299 644 1370 spe&
660 1291 794 1372 cupidine

113 1372 299 1450 impleverat,
321 1372 392 1431 vires
415 1371 510 1431 abolet
517 1394 529 1441 3
552 1370 666 1432 dimissi
686 1374 718 1433 in
737 1371 789 1433 bi·

114 1451 201 1512 berna
219 1452 246 1510 ie
268 1452 333 1511 ione
350 1450 487 1531 septimi,
507 1457 583 1529 cujus
600 1454 789 1548 flagrantissi-

113 1553 177 1591 mus
198 1533 227 1591 in
244 1472 401 1593 baronium
426 1553 514 1593 mor.
534 1534 573 1593 Et
592 1553 672 1596 tertn
691 1537 792 1619 legio,

114 1612 262 1675 familiaris
284 1615 366 1673 Arrio
392 1614 472 1673 Varo
497 1615 602 1687 miles,
624 1617 655 1676 in
675 1617 789 1696 Syriam

112 1695 235 1755 remissa.
257 1692 323 1755 Pars
342 1692 474 1755 exercitiis
494 1697 524 1755 in
540 1696 713 1757 Germanias
734 1696 790 1758 du-

112 1776 235 1836 cebatur.
256 1775 302 1838 Sic
326 1774 442 1860 egesto,
464 1776 603 1858 quidquid
624 1778 788 1851 turbidum,

112 1856 185 1917 redit
202 1856 264 1916 urbi
278 1879 326 1918 sua
346 1856 456 1930 forma,
473 1859 621 1940 legesque,
642 1868 671 1920 δι
687 1863 788 1922 munia

111 1959 161 1998 ma
183 1935 334 2000 istratuutn.
678 2009 684 2018 ,

154 1960 218 2079 db.
233 2020 305 2098 Quo
319 2019 364 2080 die
378 2039 504 2082 senamm
516 2022 656 2104 ingressus
671 2018 711 2081 est
724 2022 788 2083 Do·

111 2101 262 2172 mitianus,
278 2103 310 2160 de
327 2100 450 2162 absentia
463 2103 735 2180 patrisfiatn'sque,
752 2127 787 2166 ac

105 2183 226 2263 juventa
246 2203 315 2253 sua,
341 2203 429 2262 pauca
449 2191 477 2243 δι
501 2183 615 2243 modica
634 2183 786 2258 disseruit,

112 2261 228 2324 decorus
249 2260 365 2334 habitu3
394 2271 421 2322 δι
448 2264 554 2347 ignotis
575 2261 667 2324 adhuc
689 2268 786 2326 mori-

111 2343 186 2413 bus,
217 2344 311 2404 crebra
335 2345 392 2402 oris
410 2343 546 2406 'confusio
570 2367 620 2424 pro
646 2345 785 2408 modestia

112 2425 308 2504 accipiebatur.
330 2423 477 2488 Refereute
498 2425 631 2495 Caesare,
653 2431 688 2486 de
708 2429 784 2507 resti-

111 2506 219 2568 tuendis
243 2505 338 2566 Galba
359 2505 521 2578 honoribus,
540 2507 647 2566 tensuit
668 2506 786 2568 Curtius

108 2586 287 2658 Montanus,
306 2604 336 2644 ut
351 2585 468 2648 Pisonis
481 2609 581 2666 quoquc
597 2590 725 2648 matoria
741 2611 784 2648 cc-

109 2664 265 2728 lcbrarerur.
296 2665 390 2728 Patres
416 2686 564 2748 utrumque
585 2671 689 2750 jussere
715 2693 723 2728 r
746 2669 784 2729 de

112 2747 213 2812 Pisone
232 2748 347 2810 inritum
364 2747 427 2811 fuit.
444 2745 523 2810 Tum
540 2769 613 2811 sorte
628 2747 721 2824 detti,
732 2773 786 2828 per

23 2839 25 2846 ’
160 2828 189 2887 T
185 2851 237 2889 um.
259 2827 317 2893 III.
631 2829 663 2892 N
