2100 3650
233 337 811 431 mmmwmssmq

132 479 249 546 procera
266 472 294 523 δι
308 463 393 524 latior
404 462 513 523 virebat
527 486 533 520 r
548 461 653 546 grande
667 461 715 534 id,
730 483 813 544 pros·

133 564 323 625 perumque,
358 561 494 605 consensu
535 541 712 624 haruspicum
748 567 755 602 r
787 551 817 606 δε

135 645 250 685 summa
269 624 407 684 claritudo
424 624 519 703 juveni
534 623 688 684 admodum
704 625 816 706 Vespa·

134 707 218 766 siano
236 708 383 786 promissa.
398 704 454 766 Sed
469 702 562 785 primo
575 703 773 785 triumphalia,
787 713 816 768 dc

133 789 318 857 consulatus,
329 795 356 846 δι
368 785 490 846 Judaicae
503 788 627 846 vidloriae
641 787 740 858 decus,
752 788 814 848 im·

131 867 225 950 plesse
245 867 333 927 fidem
354 868 460 928 ominis
482 867 649 928 videbantur
674 887 733 928 :ut
755 865 815 928 hac

133 947 253 1028 adeptus
278 945 335 1019 est,
355 947 484 1028 portendi
508 948 563 1008 sibi
587 949 737 1028 imperium
758 969 816 1010 cre·

135 1028 232 1089 debat.
251 1028 302 1090 Est
315 1029 441 1090 Judaeam
458 1032 530 1088 inter
551 1029 718 1111 Syriamque
739 1029 815 1092 Car·

134 1111 248 1180 melus,
272 1112 312 1170 ita
338 1129 444 1170 vocant
469 1128 619 1182 montem,
643 1111 784 1192 deumque
806 1135 815 1170 r

133 1212 189 1254 nec
213 1192 393 1250 simulacrum
422 1188 500 1262 deo,
526 1211 574 1250 aur
594 1193 732 1271 templum
744 1214 754 1262 3
776 1195 816 1252 sie

135 1271 275 1332 tradidere
301 1277 451 1348 majores:
474 1293 522 1331 ara
548 1290 657 1332 tautum
680 1281 711 1338 δι,
731 1293 814 1334 reve-

133 1355 234 1412 rentia.
250 1352 313 1412 Illic
328 1349 495 1412 sacrificanti
511 1353 687 1432 Vespasiano
696 1393 707 1424 ,
726 1375 816 1434 quum

133 1455 197 1516 spes
227 1435 351 1494 occultas
377 1453 498 1494 versaret
528 1435 652 1506 animo,
680 1435 817 1498 Basilides

133 1511 282 1584 sacerdos,
296 1517 426 1595 inspectis
444 1514 598 1576 identidem
615 1517 705 1588 extis,
727 1517 816 1596 Quid·

133 1599 203 1678 quid
217 1599 273 1678 est,
286 1598 399 1678 inquit,
422 1597 456 1658 V
450 1599 593 1672 aspasiam
599 1639 611 1667 ,
631 1601 702 1675 quod
712 1619 817 1672 paras,

133 1700 185 1738 sert
205 1681 312 1736 domm
329 1679 474 1760 exstruere,
491 1702 539 1738 reu
556 1679 696 1754 prolatare
716 1701 817 1758 agros,

130 1761 198 1820 slve
210 1760 342 1834 ampliare
352 1762 470 1819 servitia
476 1782 490 1832 ,·
504 1762 588 1818 datur
599 1758 651 1818 tibi
663 1781 762 1838 magna
775 1783 819 1820 aa·

133 1844 204 1911 des,
227 1842 347 1919 ingentes
375 1840 506 1911 termini,
531 1841 644 1899 multum
666 1840 818 1907 honarum,

133 1918 199 1981 Has
223 1920 358 2004 ambages
380 1920 524 1981 &statim
547 1938 691 2001 exceperat
713 1918 792 1981 fama
802 1966 816 1995 ,

134 2012 164 2063 &
183 2022 249 2063 tunc
262 2004 423 2082 aperiebat:
442 2024 492 2062 nec
509 2000 667 2084 quidquam
679 2004 773 2085 magis
787 2004 818 2065 in

134 2104 186 2143 ore
204 2084 284 2166 vulgi
306 2106 313 2142 ε
336 2083 486 2143 crebriores
504 2082 578 2165 apud
596 2086 689 2163 ipsum
710 2104 818 2147 sermo·

133 2185 185 2225 nes
198 2186 208 2234 3
220 2162 327 2245 quanti)
341 2166 513 2244 sperantibus
525 2165 603 2245 plura
616 2162 754 2225 dicuntur.

134 2247 138 2256 ’
177 2244 315 2305 LXXIX.
333 2246 421 2305 Haud
441 2245 529 2305 dubia
548 2244 734 2307 destinatione
754 2244 815 2307 dis·

134 2347 264 2397 cessere,
287 2327 439 2387 Mucianus
467 2325 679 2398 Antiochiam,
699 2328 730 2386 V
732 2348 816 2407 espa·

134 2410 232 2468 sianus
246 2407 405 2467 Caesaream
427 2432 434 2465 r
452 2408 500 2467 illa
518 2408 620 2488 Syriae,
641 2406 699 2467 haec
716 2406 818 2469 Judaa

134 2508 223 2569 caput
236 2486 283 2547 est.
296 2488 413 2549 Initium
430 2487 538 2548 ferendi
553 2487 589 2549 ad
607 2488 818 2567 Vespasianum

134 2571 251 2651 imperii
279 2569 457 2630 Alexandria
490 2589 639 2649 coeptum,
668 2566 819 2631 festinante

133 2650 257 2710 Tiberio
279 2650 463 2722 Alexandro,
493 2652 543 2732 qui
572 2648 707 2727 Kalendis
734 2651 817 2713 Juliis

135 2750 316 2791 sacramento
330 2738 388 2810 ejus
407 2733 531 2814 legiones
542 2730 646 2815 adegit.
662 2731 744 2813 Isque
762 2735 819 2811 pri-

93 2890 96 2895 *
133 2816 200 2874 ‘mus
208 2812 380 2895 priucipatris
388 2812 446 2875 dies
457 2815 489 2873 in'
497 2811 636 2895 posterum
648 2814 819 2888 celebratus,

614 2892 694 2974 Μ
