2100 3650
188 340 500 405 HrsToniAuuu
514 334 600 402 Lm.
616 332 684 403 IV.
713 340 776 402 261

106 455 148 515 ob
165 456 389 540 magnitudinem
404 456 516 523 oneris,
534 462 561 514 &
578 453 694 514 remedii
715 454 784 514 diffi·

108 538 262 609 cultatem,
289 538 408 617 principi
435 534 603 595 reservabat.
634 537 785 596 Helvidius

108 620 224 681 arbitrio
255 620 367 678 sertattls
390 621 521 697 ugcndtun
544 618 659 677 censuit.
685 618 785 693 Quum

108 721 189 781 perro
209 720 288 761 arent
315 700 466 760 sententias
493 699 640 768 consules,
669 700 784 759 Vulca-

109 782 163 841 tius
190 722 386 850 l'ertullinus,
409 779 536 839 tribunus
564 779 671 859 plebis,
702 781 787 839 inter-

109 866 207 934 cessit,
228 886 261 924 ue
277 866 343 940 quid
356 883 438 935 super
454 879 532 919 tanta
547 884 591 930 re,
605 863 728 935 principe
743 862 789 923 ub.-

108 948 378 1025 seutepllatueretur.
393 943 550 1005 censuerat
568 942 738 1014 Helvidim‚
758 960 789 1003 ut

112 1028 279 1098 capitolium
295 1025 402 1099 publici
426 1027 628 1105 restitueretur,
644 1026 789 1104 adjuvaret

113 1107 317 1180 Vespasianus.
342 1108 416 1167 Eam
436 1108 604 1165 sententium
623 1103 790 1165 modestissi-

112 1209 176 1247 mus
189 1191 306 1269 quisque
317 1190 446 1259 silentio,
461 1186 563 1246 deinde
579 1186 688 1259 oblivio
700 1206 791 1247 truns-

115 1271 200 1329 misit.
211 1271 316 1341 Fuere,
327 1274 378 1352 qui
392 1279 419 1330 &
430 1270 636 1328 meminissent.

154 1352 193 1411 X.
208 1352 285 1412 Tum
306 1348 481 1411 invectusest
497 1350 647 1409 Musonius
663 1348 751 1409 Rufus
762 1350 792 1411 in

116 1432 245 1493 Publium
269 1436 400 1503 Celerem,
415 1455 434 1490 α
451 1453 502 1511 quo
519 1432 638 1490 Baream
655 1430 792 1491 Soranum

109 1516 190 1594 falso
205 1517 354 1597 testimonio
367 1516 577 1573 circumuentum
590 1513 732 1593 arguebat.
748 1510 792 1572 Ed

117 1597 282 1677 cognitione
298 1597 426 1654 renovari
441 1595 508 1654 odia
524 1598 734 1653 accusationum
752 1595 794 1652 vi·

118 1676 259 1737 ciebantur
280 1700 287 1733 ε
307 1676 355 1737 sed
374 1678 437 1736 vilis
458 1686 487 1737 δι
513 1696 616 1735 nocens
639 1696 699 1735 teus
723 1695 793 1755 pro-

118 1761 179 1841 tegi
203 1781 262 1819 non
287 1777 404 1841 poterat,
430 1758 544 1838 Quippe
572 1757 673 1817 Sorani
698 1759 794 1818 sanila

119 1845 261 1902 memoria
290 1864 298 1898 r
328 1841 413 1902 Celer
442 1837 579 1919 professus
605 1839 793 1918 sapientium,

120 1924 187 1983 dein
204 1921 277 1982 testis
294 1924 325 1981 in
343 1923 476 1991 Baream,
495 1919 621 1999 proditor
639 1939 796 2000 corruptor·

118 2026 178 2087 que
192 2005 299 2073 amici,
313 2012 341 2063 ἃ
358 2007 434 2081 cujus
448 2015 478 2062 se
494 1999 657 2084 magistrum
678 1999 794 2064 ferebat.

121 2088 270 2148 Proximus
288 2084 348 2144 dies
370 2105 457 2143 causa:
479 2082 638 2142 destinatur.
656 2083 717 2142 Nec
737 2102 797 2143 tarn

121 2170 273 2230 Musonius
297 2185 347 2226 aut
368 2166 503 2236 Publius,
530 2164 616 2247 quim
638 2165 744 2224 Priscus
770 2173 798 2226 δι

121 2249 293 2320 Marcellus,
313 2250 473 2329 ceterique,
494 2249 580 2306 motis
598 2245 635 2306 ad
660 2247 798 2308 ultionem

123 2334 245 2401 animis,
272 2331 510 2410 exspectabantur.

163 2414 217 2472 XI.
237 2412 305 2471 Tali
321 2433 412 2470 rerum
432 2409 523 2481 statu,
547 2430 635 2490 quum
659 2409 799 2471 discordia

106 2497 196 2567 ‚inter
213 2513 322 2574 patres,
339 2495 379 2551 ira
395 2492 469 2572 apud
483 2494 593 2561 victos,
607 2491 684 2550 nulla
696 2495 726 2551 in
739 2493 801 2551 vic·

120 2577 233 2636 toribus
251 2575 418 2644 auctoritas,
438 2596 497 2632 non
520 2573 617 2653 leges,
639 2594 697 2631 non
719 2575 799 2652 prin·

126 2679 190 2738 ceps
210 2659 239 2716 in
257 2657 369 2715 ciuitate
384 2674 493 2727 essent3
512 2653 682 2724 Mucianus,
702 2655 800 2714 urbem

126 2741 282 2821 ingressus,
299 2740 398 2796 cunila
414 2735 498 2794 sirnul
512 2736 543 2794 in
560 2755 588 2793 se
598 2737 698 2794 traxit:
713 2735 801 2797 fracia

128 2821 217 2882 Primi
236 2820 376 2890 Antonii,
399 2817 533 2903 vanique
550 2818 626 2883 Arrii
652 2819 802 2900 potentia,
