2100 3650
221 315 535 384 uitrorratun
551 309 640 381 lru
652 309 684 381 Ι.
748 331 787 402 §1

117 439 198 508 ceteri
230 437 341 496 silentio
377 435 499 516 proximi
531 438 664 515 cujusque
696 431 788 493 auda·

118 521 189 580 ciam
210 521 415 599 exspedlantes3
441 511 525 575 insiti
547 515 714 575 mortalibus
736 537 792 576 na·

119 599 195 671 tutti,
216 599 331 680 propere
345 596 443 678 sequi,
463 617 525 678 quac
549 597 627 680 piget
645 594 790 659 inchoare.

116 681 169 742 Sed
207 681 273 760 ipsis
314 678 475 761 legionibus
513 679 603 736 inerat
644 677 792 740 diversitas

115 764 283 822 animorum.
313 761 439 820 Primani
466 760 650 840 quintanique
683 760 791 824 turbidi

115 842 210 914 adeo,
233 861 264 901 ut
284 841 399 922 quidem
423 863 491 900 saxa
518 841 549 899 iu
578 841 679 901 Galbae
707 844 788 902 ima-

113 925 192 1008 gines
215 925 357 1002 jecerint:
380 921 589 1004 quintadecima
609 943 643 982 ac
665 924 793 984 sextade-

113 1007 189 1066 cima
223 1004 369 1088 legiones,
393 1001 466 1063 nihil
494 1003 565 1062 ultra
592 1001 738 1065 fremitum
759 1016 789 1068 δε

112 1089 204 1147 minas
230 1107 323 1156 ausae,
346 1087 460 1145 initium
482 1084 646 1164 erumpendi
667 1088 790 1147 circum·

110 1166 285 1248 spectabant
300 1167 339 1226 At
351 1168 380 1226 in
394 1167 529 1246 superiori
538 1169 674 1238 exercitu,
689 1188 790 1248 quarta

110 1269 147 1309 ac
174 1247 400 1310 duodevicesima
417 1249 546 1330 legiones
566 1246 666 1310 iisdem
686 1245 789 1309 biber-

111 1331 156 1392 nis
180 1330 325 1392 tendentes
339 1375 351 1398 ,
374 1331 435 1410 ipso
459 1327 649 1388 Kalendarum
676 1328 791 1392 Janua·

111 1415 217 1472 riarum
235 1411 301 1482 die,
318 1411 482 1490 dirumpunt
501 1412 560 1470 ima
581 1411 640 1470 ines
664 1411 790 1474 Galbae:

111 1514 212 1576 quarta
238 1494 316 1576 legio
346 1491 525 1572 promptius,
559 1430 789 1558 duodevicesima

107 1579 299 1645 cunctanter,
324 1594 392 1634 mox
420 1595 563 1634 consensu
584 1574 628 1636 Ac
647 1596 683 1634 ne
706 1597 789 1637 teve·

109 1659 232 1718 rentiam
259 1656 369 1736 imperii
393 1675 507 1716 -exsuere
529 1655 706 1728 viderentur,
737 1678 789 1718 se-

108 1737 192 1800 natlts
218 1737 370 1820 populique
392 1737 518 1797 Romani
541 1737 702 1797 oblitterata
725 1742 787 1816 jam

109 1823 231 1882 nomina
267 1838 440 1881 sacramento
472 1818 652 1880 advocabant
676 1843 683 1877 ε
706 1820 787 1883 nullo

106 1902 272 1985 legatorum
294 1900 503 1961 tribunorumve
532 1920 582 1980 pto
612 1899 709 1960 Galba
735 1903 787 1961 ni-

99 2000 208 2055 tente,
230 1980 418 2065 quibusdam,
438 2000 469 2042 ut
494 1984 525 2041 in
548 1981 689 2053 tumultu,
702 2000 788 2044 nota·

108 2064 195 2124 bilitls
223 2064 406 2124 turbantibus.
427 2064 496 2123 Non
516 2082 613 2123 tamen
674 2064 680 2076 ‘
716 2086 786 2130 uam

104 2146 139 2205 in
163 2145 285 2205 modum
307 2146 473 2217 concionis,
490 2164 539 2219 aut
555 2084 785 2229 suggemlocu-

104 2246 174 2287 tus:
208 2248 299 2310 neque
318 2228 395 2286 enim
417 2245 475 2287 etat
493 2224 605 2298 adhuc,
629 2229 674 2287 cui
692 2230 787 2309 impu·

103 2326 222 2369 tatetur.
803 2325 805 2330 ·

147 2388 251 2449 LVI.
286 2390 432 2469 Spectator
464 2391 567 2473 flagitii
602 2389 786 2454 Hordeonius

103 2472 252 2543 Flaccus,
277 2472 427 2531 consularis
439 2472 568 2555 legatus,
589 2472 704 2543 aderat,
726 2492 788 2536 non

103 2573 288 2635 compescere
322 2572 454 2623 ruentes,
488 2574 547 2613 non
580 2554 696 2613 retinere
735 2555 787 2615 du·

104 2635 174 2695 bios
188 2682 200 2705 ‚
231 2655 291 2694 non
320 2632 461 2693 cohortati
486 2635 577 2694 bonos
603 2656 708 2706 ausus3
734 2634 785 2697 sed

101 2718 224 2801 segnis,
237 2714 370 2795 pavidus,
381 2724 408 2777 δι
416 2716 544 2775 socordid
554 2719 697 2776 innocens.
706 2717 786 2795 Qua-

100 2815 172 2859 tuot
198 2798 372 2861 centuriones
389 2796 621 2863 duodevicesimae
641 2798 785 2882 legionis,

592 2877 661 2961 cr,-
