<?xml version="1.0" encoding="UTF-8"?>
<!DOCTYPE html PUBLIC "-//W3C//DTD XHTML 1.0 Transitional//EN"
    "http://www.w3.org/TR/xhtml1/DTD/xhtml1-transitional.dtd">
<html xmlns="http://www.w3.org/1999/xhtml" xml:lang="en" lang="en">
 <head>
  <title>
</title>
<meta http-equiv="Content-Type" content="text/html;charset=utf-8" />
  <meta name='ocr-system' content='tesseract 3.04.00' />
  <meta name='ocr-capabilities' content='ocr_page ocr_carea ocr_par ocr_line ocrx_word'/>
</head>
<body>
  <div class='ocr_page' id='page_1' title='image "./ccorneliitaciti00lallgoog_0341.png"; bbox 0 0 2100 3650; ppageno 0'>
   <div class='ocr_carea' id='block_1_1' title="bbox 189 272 782 362">
    <p class='ocr_par' dir='ltr' id='par_1_1' title="bbox 189 272 782 362">
     <span class='ocr_line' id='line_1_1' title="bbox 189 272 782 362; baseline 0.01 -21"><span class='ocrx_word' id='word_1_1' title='bbox 189 272 689 343; x_wconf 60' lang='lat' dir='ltr'>momenmentum</span> <span class='ocrx_word' id='word_1_2' title='bbox 719 290 782 362; x_wconf 73' lang='lat'>‘333</span> 
     </span>
    </p>
   </div>
   <div class='ocr_carea' id='block_1_2' title="bbox 104 391 841 2746">
    <p class='ocr_par' dir='ltr' id='par_1_2' title="bbox 110 391 805 2178">
     <span class='ocr_line' id='line_1_2' title="bbox 155 391 788 475; baseline 0.003 -24"><span class='ocrx_word' id='word_1_3' title='bbox 155 392 323 454; x_wconf 86' lang='lat' dir='ltr'><strong>LXXXIII.</strong></span> <span class='ocrx_word' id='word_1_4' title='bbox 349 392 443 475; x_wconf 84' lang='lat' dir='ltr'>Origo</span> <span class='ocrx_word' id='word_1_5' title='bbox 469 392 514 452; x_wconf 88' lang='lat' dir='ltr'>dei</span> <span class='ocrx_word' id='word_1_6' title='bbox 542 391 670 452; x_wconf 87' lang='lat' dir='ltr'>nondum</span> <span class='ocrx_word' id='word_1_7' title='bbox 689 391 788 453; x_wconf 84' lang='lat' dir='ltr'>nostris</span> 
     </span>
     <span class='ocr_line' id='line_1_3' title="bbox 111 471 786 556; baseline 0 -22"><span class='ocrx_word' id='word_1_8' title='bbox 111 476 274 535; x_wconf 70' lang='lat' dir='ltr'>audentibus</span> <span class='ocrx_word' id='word_1_9' title='bbox 292 474 429 533; x_wconf 83' lang='lat' dir='ltr'>celebrata</span> <span class='ocrx_word' id='word_1_10' title='bbox 450 471 679 556; x_wconf 78' lang='lat' dir='ltr'>tAEgyptiorum</span> <span class='ocrx_word' id='word_1_11' title='bbox 695 476 786 534; x_wconf 87' lang='lat' dir='ltr'>antis-</span> 
     </span>
     <span class='ocr_line' id='line_1_4' title="bbox 112 555 790 633; baseline 0.003 -19"><span class='ocrx_word' id='word_1_12' title='bbox 112 556 177 615; x_wconf 90' lang='lat' dir='ltr'>tites</span> <span class='ocrx_word' id='word_1_13' title='bbox 202 557 241 614; x_wconf 88' lang='lat' dir='ltr'>sic</span> <span class='ocrx_word' id='word_1_14' title='bbox 266 572 452 615; x_wconf 85' lang='lat' dir='ltr'>memorant:</span> <span class='ocrx_word' id='word_1_15' title='bbox 475 555 620 615; x_wconf 75' lang='lat' dir='ltr'>Ptolemae</span> <span class='ocrx_word' id='word_1_16' title='bbox 643 556 721 633; x_wconf 78' lang='lat' dir='ltr'>regi,</span> <span class='ocrx_word' id='word_1_17' title='bbox 743 558 790 633; x_wconf 86' lang='lat' dir='ltr'>qui</span> 
     </span>
     <span class='ocr_line' id='line_1_5' title="bbox 113 635 790 716; baseline 0 -21"><span class='ocrx_word' id='word_1_18' title='bbox 113 635 297 695; x_wconf 79' lang='lat' dir='ltr'><em>Macedonum</em></span> <span class='ocrx_word' id='word_1_19' title='bbox 312 636 418 711; x_wconf 83' lang='lat' dir='ltr'>primus</span> <span class='ocrx_word' id='word_1_20' title='bbox 438 637 555 716; x_wconf 76' lang='lat' dir='ltr'>AEgypti</span> <span class='ocrx_word' id='word_1_21' title='bbox 570 658 633 711; x_wconf 83' lang='lat' dir='ltr'>opes</span> <span class='ocrx_word' id='word_1_22' title='bbox 643 638 790 716; x_wconf 64' lang='lat' dir='ltr'>fimavit,</span> 
     </span>
     <span class='ocr_line' id='line_1_6' title="bbox 114 715 791 803; baseline 0.003 -28"><span class='ocrx_word' id='word_1_23' title='bbox 114 738 195 803; x_wconf 80' lang='lat' dir='ltr'>prtum</span> <span class='ocrx_word' id='word_1_24' title='bbox 218 715 395 777; x_wconf 74' lang='lat' dir='ltr'>Alexandria</span> <span class='ocrx_word' id='word_1_25' title='bbox 414 716 504 775; x_wconf 79' lang='lat' dir='ltr'>reclus</span> <span class='ocrx_word' id='word_1_26' title='bbox 528 719 641 777; x_wconf 79' lang='lat' dir='ltr'>condita</span> <span class='ocrx_word' id='word_1_27' title='bbox 667 718 791 791; x_wconf 80' lang='lat' dir='ltr'>moenia,</span> 
     </span>
     <span class='ocr_line' id='line_1_7' title="bbox 116 795 792 876; baseline 0.004 -19"><span class='ocrx_word' id='word_1_28' title='bbox 116 799 284 875; x_wconf 77' lang='lat' dir='ltr'>templaque,</span> <span class='ocrx_word' id='word_1_29' title='bbox 308 795 335 859; x_wconf 65' lang='grc' dir='ltr'><em>θ</em></span> <span class='ocrx_word' id='word_1_30' title='bbox 359 798 501 876; x_wconf 83' lang='lat' dir='ltr'><em>religiones</em></span> <span class='ocrx_word' id='word_1_31' title='bbox 524 801 652 867; x_wconf 79' lang='lat' dir='ltr'><em>adderet,</em></span> <span class='ocrx_word' id='word_1_32' title='bbox 673 799 792 860; x_wconf 83' lang='lat' dir='ltr'>oblatum</span> 
     </span>
     <span class='ocr_line' id='line_1_8' title="bbox 110 875 793 959; baseline 0.004 -21"><span class='ocrx_word' id='word_1_33' title='bbox 110 900 166 955; x_wconf 85' lang='lat' dir='ltr'>per</span> <span class='ocrx_word' id='word_1_34' title='bbox 182 880 297 956; x_wconf 85' lang='lat' dir='ltr'>quictem</span> <span class='ocrx_word' id='word_1_35' title='bbox 315 881 405 937; x_wconf 73' lang='lat' dir='ltr'>dccme</span> <span class='ocrx_word' id='word_1_36' title='bbox 416 880 535 949; x_wconf 80' lang='lat' dir='ltr'>eximio,</span> <span class='ocrx_word' id='word_1_37' title='bbox 553 875 580 940; x_wconf 68' lang='lat' dir='ltr'>lt</span> <span class='ocrx_word' id='word_1_38' title='bbox 595 881 697 959; x_wconf 80' lang='lat' dir='ltr'>majore</span> <span class='ocrx_word' id='word_1_39' title='bbox 712 881 793 958; x_wconf 72' lang='lat' dir='ltr'>qulam</span> 
     </span>
     <span class='ocr_line' id='line_1_9' title="bbox 117 960 794 1039; baseline 0.006 -20"><span class='ocrx_word' id='word_1_40' title='bbox 117 960 238 1019; x_wconf 81' lang='lat' dir='ltr'>hamund</span> <span class='ocrx_word' id='word_1_41' title='bbox 256 962 343 1035; x_wconf 83' lang='lat' dir='ltr'>specie</span> <span class='ocrx_word' id='word_1_42' title='bbox 357 961 507 1039; x_wconf 77' lang='lat' dir='ltr'>juvenem,</span> <span class='ocrx_word' id='word_1_43' title='bbox 530 961 578 1037; x_wconf 83' lang='lat' dir='ltr'>qui</span> <span class='ocrx_word' id='word_1_44' title='bbox 600 980 741 1031; x_wconf 82' lang='lat' dir='ltr'>moneret,</span> <span class='ocrx_word' id='word_1_45' title='bbox 762 980 794 1023; x_wconf 89' lang='lat' dir='ltr'>ut</span> 
     </span>
     <span class='ocr_line' id='line_1_10' title="bbox 119 1038 794 1116; baseline 0.004 -17"><span class='ocrx_word' id='word_1_46' title='bbox 119 1038 264 1101; x_wconf 80' lang='lat' dir='ltr'>fidissimis</span> <span class='ocrx_word' id='word_1_47' title='bbox 286 1043 443 1100; x_wconf 90' lang='lat' dir='ltr'>amicorum</span> <span class='ocrx_word' id='word_1_48' title='bbox 468 1042 497 1099; x_wconf 91' lang='lat' dir='ltr'>in</span> <span class='ocrx_word' id='word_1_49' title='bbox 527 1042 650 1099; x_wconf 86' lang='lat' dir='ltr'><strong>Pontum</strong></span> <span class='ocrx_word' id='word_1_50' title='bbox 683 1044 794 1116; x_wconf 86' lang='lat' dir='ltr'>missis,</span> 
     </span>
     <span class='ocr_line' id='line_1_11' title="bbox 121 1121 793 1205; baseline 0.001 -24"><span class='ocrx_word' id='word_1_51' title='bbox 121 1121 245 1204; x_wconf 80' lang='lat' dir='ltr'>effigiem</span> <span class='ocrx_word' id='word_1_52' title='bbox 264 1142 344 1181; x_wconf 86' lang='lat' dir='ltr'>suam</span> <span class='ocrx_word' id='word_1_53' title='bbox 363 1122 463 1181; x_wconf 86' lang='lat' dir='ltr'>acciret</span> <span class='ocrx_word' id='word_1_54' title='bbox 489 1144 496 1178; x_wconf 81' lang='lat' dir='ltr'>t</span> <span class='ocrx_word' id='word_1_55' title='bbox 517 1122 612 1181; x_wconf 81' lang='lat' dir='ltr'>latum</span> <span class='ocrx_word' id='word_1_56' title='bbox 632 1121 662 1180; x_wconf 90' lang='lat' dir='ltr'>id</span> <span class='ocrx_word' id='word_1_57' title='bbox 682 1142 793 1205; x_wconf 84' lang='lat' dir='ltr'>tegno,</span> 
     </span>
     <span class='ocr_line' id='line_1_12' title="bbox 119 1200 795 1285; baseline 0.003 -23"><span class='ocrx_word' id='word_1_58' title='bbox 119 1223 315 1285; x_wconf 83' lang='lat' dir='ltr'>magnamque</span> <span class='ocrx_word' id='word_1_59' title='bbox 330 1212 356 1262; x_wconf 80' lang='grc' dir='ltr'>δι</span> <span class='ocrx_word' id='word_1_60' title='bbox 371 1202 505 1282; x_wconf 83' lang='lat' dir='ltr'><strong>inclytam</strong></span> <span class='ocrx_word' id='word_1_61' title='bbox 523 1202 620 1261; x_wconf 88' lang='lat' dir='ltr'>sedern</span> <span class='ocrx_word' id='word_1_62' title='bbox 635 1200 713 1273; x_wconf 88' lang='lat' dir='ltr'>fore,</span> <span class='ocrx_word' id='word_1_63' title='bbox 733 1226 795 1284; x_wconf 78' lang='lat' dir='ltr'>qua</span> 
     </span>
     <span class='ocr_line' id='line_1_13' title="bbox 120 1284 798 1363; baseline 0.003 -20"><span class='ocrx_word' id='word_1_64' title='bbox 120 1286 299 1363; x_wconf 87' lang='lat' dir='ltr'>excepisset:</span> <span class='ocrx_word' id='word_1_65' title='bbox 320 1285 407 1341; x_wconf 86' lang='lat' dir='ltr'>simul</span> <span class='ocrx_word' id='word_1_66' title='bbox 424 1285 516 1343; x_wconf 78' lang='lat' dir='ltr'>visum</span> <span class='ocrx_word' id='word_1_67' title='bbox 539 1287 657 1342; x_wconf 85' lang='lat' dir='ltr'>eumdem</span> <span class='ocrx_word' id='word_1_68' title='bbox 667 1284 798 1361; x_wconf 77' lang='lat' dir='ltr'>juvenem</span> 
     </span>
     <span class='ocr_line' id='line_1_14' title="bbox 120 1362 796 1445; baseline 0.003 -21"><span class='ocrx_word' id='word_1_69' title='bbox 120 1366 154 1443; x_wconf 76' lang='lat' dir='ltr'>ire</span> <span class='ocrx_word' id='word_1_70' title='bbox 166 1368 262 1429; x_wconf 79' lang='lat' dir='ltr'>calum</span> <span class='ocrx_word' id='word_1_71' title='bbox 277 1366 338 1445; x_wconf 79' lang='lat' dir='ltr'>igne</span> <span class='ocrx_word' id='word_1_72' title='bbox 348 1364 468 1438; x_wconf 86' lang='lat' dir='ltr'>plurimo</span> <span class='ocrx_word' id='word_1_73' title='bbox 486 1366 588 1425; x_wconf 87' lang='lat' dir='ltr'>attolli.</span> <span class='ocrx_word' id='word_1_74' title='bbox 611 1362 796 1439; x_wconf 77' lang='lat' dir='ltr'>Ptolemaeus,</span> 
     </span>
     <span class='ocr_line' id='line_1_15' title="bbox 122 1444 798 1517; baseline 0.006 -12"><span class='ocrx_word' id='word_1_75' title='bbox 122 1448 222 1505; x_wconf 90' lang='lat' dir='ltr'>omine</span> <span class='ocrx_word' id='word_1_76' title='bbox 248 1454 275 1505; x_wconf 73' lang='grc' dir='ltr'>ἀ</span> <span class='ocrx_word' id='word_1_77' title='bbox 298 1444 434 1505; x_wconf 84' lang='lat' dir='ltr'>miraculo</span> <span class='ocrx_word' id='word_1_78' title='bbox 456 1447 584 1517; x_wconf 82' lang='lat' dir='ltr'>excitus,</span> <span class='ocrx_word' id='word_1_79' title='bbox 609 1445 798 1509; x_wconf 86' lang='lat' dir='ltr'>sacerdotibus</span> 
     </span>
     <span class='ocr_line' id='line_1_16' title="bbox 124 1526 797 1611; baseline 0.001 -25"><span class='ocrx_word' id='word_1_80' title='bbox 124 1526 346 1611; x_wconf 80' lang='lat' dir='ltr'>AEgypriorum,</span> <span class='ocrx_word' id='word_1_81' title='bbox 359 1526 460 1607; x_wconf 88' lang='lat' dir='ltr'>quibus</span> <span class='ocrx_word' id='word_1_82' title='bbox 471 1529 612 1588; x_wconf 74' lang='lat' dir='ltr'>mortalia</span> <span class='ocrx_word' id='word_1_83' title='bbox 625 1527 797 1609; x_wconf 84' lang='lat' dir='ltr'>intelligere,</span> 
     </span>
     <span class='ocr_line' id='line_1_17' title="bbox 125 1609 799 1689; baseline 0.003 -21"><span class='ocrx_word' id='word_1_84' title='bbox 125 1612 278 1677; x_wconf 69' lang='lat' dir='ltr'>nodurnos</span> <span class='ocrx_word' id='word_1_85' title='bbox 301 1609 376 1667; x_wconf 88' lang='lat' dir='ltr'>visus</span> <span class='ocrx_word' id='word_1_86' title='bbox 403 1610 499 1687; x_wconf 87' lang='lat' dir='ltr'>aperit.</span> <span class='ocrx_word' id='word_1_87' title='bbox 524 1610 618 1689; x_wconf 84' lang='lat' dir='ltr'>Atque</span> <span class='ocrx_word' id='word_1_88' title='bbox 638 1610 693 1669; x_wconf 85' lang='lat' dir='ltr'>illis</span> <span class='ocrx_word' id='word_1_89' title='bbox 715 1610 799 1670; x_wconf 85' lang='lat' dir='ltr'><strong>Ponti</strong></span> 
     </span>
     <span class='ocr_line' id='line_1_18' title="bbox 127 1687 799 1771; baseline 0 -22"><span class='ocrx_word' id='word_1_90' title='bbox 127 1698 156 1749; x_wconf 67' lang='grc' dir='ltr'>ὃ(</span> <span class='ocrx_word' id='word_1_91' title='bbox 176 1708 351 1751; x_wconf 87' lang='lat' dir='ltr'>externorum</span> <span class='ocrx_word' id='word_1_92' title='bbox 366 1708 462 1769; x_wconf 89' lang='lat' dir='ltr'>parum</span> <span class='ocrx_word' id='word_1_93' title='bbox 479 1691 592 1771; x_wconf 83' lang='lat' dir='ltr'>gnaris,</span> <span class='ocrx_word' id='word_1_94' title='bbox 611 1687 799 1749; x_wconf 83' lang='lat' dir='ltr'>Timotheum</span> 
     </span>
     <span class='ocr_line' id='line_1_19' title="bbox 128 1768 801 1852; baseline -0.001 -21"><span class='ocrx_word' id='word_1_95' title='bbox 128 1768 356 1841; x_wconf 85' lang='lat' dir='ltr'>Atheniensem,</span> <span class='ocrx_word' id='word_1_96' title='bbox 381 1790 396 1830; x_wconf 91' lang='lat' dir='ltr'>e</span> <span class='ocrx_word' id='word_1_97' title='bbox 429 1788 510 1852; x_wconf 81' lang='lat' dir='ltr'>gente</span> <span class='ocrx_word' id='word_1_98' title='bbox 543 1770 801 1850; x_wconf 85' lang='lat' dir='ltr'>Eumolpidarum,</span> 
     </span>
     <span class='ocr_line' id='line_1_20' title="bbox 129 1850 803 1933; baseline 0.003 -23"><span class='ocrx_word' id='word_1_99' title='bbox 129 1873 233 1933; x_wconf 88' lang='lat' dir='ltr'>quem,</span> <span class='ocrx_word' id='word_1_100' title='bbox 246 1871 277 1912; x_wconf 90' lang='lat' dir='ltr'>ut</span> <span class='ocrx_word' id='word_1_101' title='bbox 287 1850 437 1912; x_wconf 87' lang='lat' dir='ltr'>antistitem</span> <span class='ocrx_word' id='word_1_102' title='bbox 455 1852 695 1923; x_wconf 69' lang='lat' dir='ltr'>cerimoniarum,</span> <span class='ocrx_word' id='word_1_103' title='bbox 716 1853 803 1912; x_wconf 83' lang='lat' dir='ltr'>Eleu·</span> 
     </span>
     <span class='ocr_line' id='line_1_21' title="bbox 130 1933 802 2014; baseline -0.003 -22"><span class='ocrx_word' id='word_1_104' title='bbox 130 1936 191 1992; x_wconf 86' lang='lat' dir='ltr'>sine</span> <span class='ocrx_word' id='word_1_105' title='bbox 220 1935 372 2004; x_wconf 85' lang='lat' dir='ltr'>exciverat,</span> <span class='ocrx_word' id='word_1_106' title='bbox 396 1951 515 2010; x_wconf 75' lang='lat' dir='ltr'>quonam</span> <span class='ocrx_word' id='word_1_107' title='bbox 547 1933 599 1990; x_wconf 86' lang='lat' dir='ltr'>illa</span> <span class='ocrx_word' id='word_1_108' title='bbox 622 1934 774 2014; x_wconf 72' lang='lat' dir='ltr'>superstitio</span> <span class='ocrx_word' id='word_1_109' title='bbox 790 1981 802 2005; x_wconf 87' lang='lat'>,</span> 
     </span>
     <span class='ocr_line' id='line_1_22' title="bbox 131 2010 805 2095; baseline 0.001 -23"><span class='ocrx_word' id='word_1_110' title='bbox 131 2018 203 2090; x_wconf 85' lang='lat' dir='ltr'>quod</span> <span class='ocrx_word' id='word_1_111' title='bbox 215 2019 335 2074; x_wconf 81' lang='lat' dir='ltr'>numen?</span> <span class='ocrx_word' id='word_1_112' title='bbox 349 2016 509 2095; x_wconf 83' lang='lat' dir='ltr'>interrogat.</span> <span class='ocrx_word' id='word_1_113' title='bbox 524 2010 713 2085; x_wconf 81' lang='lat' dir='ltr'>Timotheus,</span> <span class='ocrx_word' id='word_1_114' title='bbox 728 2035 805 2094; x_wconf 77' lang='lat' dir='ltr'>qua·</span> 
     </span>
     <span class='ocr_line' id='line_1_23' title="bbox 133 2093 805 2178; baseline 0.001 -24"><span class='ocrx_word' id='word_1_115' title='bbox 133 2097 192 2155; x_wconf 82' lang='lat' dir='ltr'>sitis</span> <span class='ocrx_word' id='word_1_116' title='bbox 207 2097 256 2176; x_wconf 87' lang='lat' dir='ltr'>qui</span> <span class='ocrx_word' id='word_1_117' title='bbox 274 2099 304 2154; x_wconf 91' lang='lat' dir='ltr'>in</span> <span class='ocrx_word' id='word_1_118' title='bbox 321 2093 442 2154; x_wconf 81' lang='lat' dir='ltr'>Pontum</span> <span class='ocrx_word' id='word_1_119' title='bbox 462 2114 619 2165; x_wconf 84' lang='lat' dir='ltr'>meassent,</span> <span class='ocrx_word' id='word_1_120' title='bbox 638 2098 805 2178; x_wconf 81' lang='lat' dir='ltr'>cognoscit,</span> 
     </span>
    </p>

    <p class='ocr_par' dir='ltr' id='par_1_3' title="bbox 104 2177 841 2746">
     <span class='ocr_line' id='line_1_24' title="bbox 104 2177 804 2257; baseline 0 -21"><span class='ocrx_word' id='word_1_121' title='bbox 104 2193 106 2196; x_wconf 86' lang='grc'><strong><em>·</em></strong></span> <span class='ocrx_word' id='word_1_122' title='bbox 133 2177 232 2236; x_wconf 87' lang='lat' dir='ltr'>urbem</span> <span class='ocrx_word' id='word_1_123' title='bbox 251 2177 307 2238; x_wconf 90' lang='lat' dir='ltr'>illic</span> <span class='ocrx_word' id='word_1_124' title='bbox 318 2177 457 2255; x_wconf 86' lang='lat' dir='ltr'>Sinopen,</span> <span class='ocrx_word' id='word_1_125' title='bbox 476 2195 528 2233; x_wconf 88' lang='lat' dir='ltr'>nec</span> <span class='ocrx_word' id='word_1_126' title='bbox 539 2177 635 2255; x_wconf 88' lang='lat' dir='ltr'>procul</span> <span class='ocrx_word' id='word_1_127' title='bbox 648 2179 804 2257; x_wconf 90' lang='lat' dir='ltr'>templum,</span> 
     </span>
     <span class='ocr_line' id='line_1_25' title="bbox 133 2255 806 2328; baseline 0.003 -10"><span class='ocrx_word' id='word_1_128' title='bbox 133 2277 226 2318; x_wconf 87' lang='lat' dir='ltr'>vetere</span> <span class='ocrx_word' id='word_1_129' title='bbox 251 2260 322 2318; x_wconf 87' lang='lat' dir='ltr'>inter</span> <span class='ocrx_word' id='word_1_130' title='bbox 347 2258 456 2316; x_wconf 85' lang='lat' dir='ltr'>accolas</span> <span class='ocrx_word' id='word_1_131' title='bbox 487 2255 585 2328; x_wconf 75' lang='lat' dir='ltr'>fami,</span> <span class='ocrx_word' id='word_1_132' title='bbox 613 2259 692 2318; x_wconf 88' lang='lat' dir='ltr'>Jovis</span> <span class='ocrx_word' id='word_1_133' title='bbox 717 2259 806 2320; x_wconf 86' lang='lat' dir='ltr'>Ditis.</span> 
     </span>
     <span class='ocr_line' id='line_1_26' title="bbox 134 2337 808 2421; baseline -0.004 -22"><span class='ocrx_word' id='word_1_134' title='bbox 134 2339 271 2420; x_wconf 82' lang='lat' dir='ltr'>Namque</span> <span class='ocrx_word' id='word_1_135' title='bbox 292 2347 318 2399; x_wconf 76' lang='grc' dir='ltr'>δι</span> <span class='ocrx_word' id='word_1_136' title='bbox 335 2340 500 2398; x_wconf 81' lang='lat' dir='ltr'>muliebrem</span> <span class='ocrx_word' id='word_1_137' title='bbox 520 2339 643 2421; x_wconf 86' lang='lat' dir='ltr'>effigiem</span> <span class='ocrx_word' id='word_1_138' title='bbox 659 2337 808 2410; x_wconf 87' lang='lat' dir='ltr'>adsistere,</span> 
     </span>
     <span class='ocr_line' id='line_1_27' title="bbox 135 2419 841 2502; baseline 0.003 -23"><span class='ocrx_word' id='word_1_139' title='bbox 135 2441 225 2500; x_wconf 88' lang='lat' dir='ltr'>quam</span> <span class='ocrx_word' id='word_1_140' title='bbox 255 2419 376 2502; x_wconf 89' lang='lat' dir='ltr'>plerique</span> <span class='ocrx_word' id='word_1_141' title='bbox 400 2420 594 2498; x_wconf 84' lang='lat' dir='ltr'>Proserpinam</span> <span class='ocrx_word' id='word_1_142' title='bbox 620 2437 733 2479; x_wconf 87' lang='lat' dir='ltr'>vocent.</span> <span class='ocrx_word' id='word_1_143' title='bbox 753 2420 809 2481; x_wconf 88' lang='lat' dir='ltr'>Sed</span> <span class='ocrx_word' id='word_1_144' title='bbox 839 2464 841 2467; x_wconf 92' lang='lat'>-</span> 
     </span>
     <span class='ocr_line' id='line_1_28' title="bbox 134 2501 809 2639; baseline -0.001 -78"><span class='ocrx_word' id='word_1_145' title='bbox 134 2501 322 2572; x_wconf 80' lang='lat' dir='ltr'>Ptolemaus,</span> <span class='ocrx_word' id='word_1_146' title='bbox 343 2520 374 2560; x_wconf 89' lang='lat' dir='ltr'>ut</span> <span class='ocrx_word' id='word_1_147' title='bbox 393 2519 456 2560; x_wconf 84' lang='lat' dir='ltr'>sunt</span> <span class='ocrx_word' id='word_1_148' title='bbox 473 2503 588 2582; x_wconf 85' lang='lat' dir='ltr'>ingenia</span> <span class='ocrx_word' id='word_1_149' title='bbox 606 2519 724 2581; x_wconf 82' lang='lat' dir='ltr'>regum,</span> <span class='ocrx_word' id='word_1_150' title='bbox 732 2521 809 2639; x_wconf 85' lang='lat' dir='ltr'>dpro-</span> 
     </span>
     <span class='ocr_line' id='line_1_29' title="bbox 133 2581 806 2653; baseline 0 -11"><span class='ocrx_word' id='word_1_151' title='bbox 133 2603 188 2642; x_wconf 86' lang='lat' dir='ltr'>nus</span> <span class='ocrx_word' id='word_1_152' title='bbox 203 2581 239 2641; x_wconf 90' lang='lat' dir='ltr'>ad</span> <span class='ocrx_word' id='word_1_153' title='bbox 259 2581 463 2652; x_wconf 81' lang='lat' dir='ltr'>formidinem,</span> <span class='ocrx_word' id='word_1_154' title='bbox 486 2583 536 2640; x_wconf 91' lang='lat' dir='ltr'>ubi</span> <span class='ocrx_word' id='word_1_155' title='bbox 555 2583 685 2643; x_wconf 85' lang='lat' dir='ltr'>securitas</span> <span class='ocrx_word' id='word_1_156' title='bbox 702 2601 731 2640; x_wconf 89' lang='lat' dir='ltr'>re</span> <span class='ocrx_word' id='word_1_157' title='bbox 751 2583 806 2653; x_wconf 91' lang='lat' dir='ltr'>iit,</span> 
     </span>
     <span class='ocr_line' id='line_1_30' title="bbox 133 2661 808 2746; baseline 0.001 -25"><span class='ocrx_word' id='word_1_158' title='bbox 133 2662 312 2740; x_wconf 83' lang='lat' dir='ltr'>voluptatum</span> <span class='ocrx_word' id='word_1_159' title='bbox 345 2661 431 2744; x_wconf 76' lang='lat' dir='ltr'>quiin</span> <span class='ocrx_word' id='word_1_160' title='bbox 459 2662 629 2746; x_wconf 83' lang='lat' dir='ltr'>religionum</span> <span class='ocrx_word' id='word_1_161' title='bbox 656 2681 808 2742; x_wconf 87' lang='lat' dir='ltr'>appetens,</span> 
     </span>
    </p>
   </div>
   <div class='ocr_carea' id='block_1_3' title="bbox 128 2743 809 2828">
    <p class='ocr_par' dir='ltr' id='par_1_4' title="bbox 128 2743 809 2828">
     <span class='ocr_line' id='line_1_31' title="bbox 128 2743 809 2828; baseline -0.001 -20"><span class='ocrx_word' id='word_1_162' title='bbox 128 2743 280 2828; x_wconf 68' lang='lat' dir='ltr'>negligere</span> <span class='ocrx_word' id='word_1_163' title='bbox 311 2744 484 2827; x_wconf 83' lang='lat' dir='ltr'>paullatim,</span> <span class='ocrx_word' id='word_1_164' title='bbox 508 2745 633 2826; x_wconf 83' lang='lat' dir='ltr'>altasque</span> <span class='ocrx_word' id='word_1_165' title='bbox 660 2743 698 2804; x_wconf 85' lang='lat' dir='ltr'>ad</span> <span class='ocrx_word' id='word_1_166' title='bbox 729 2763 809 2807; x_wconf 78' lang='lat' dir='ltr'>curas</span> 
     </span>
    </p>
   </div>
   <div class='ocr_carea' id='block_1_4' title="bbox 0 0 1091 3650">
    <p class='ocr_par' dir='ltr' id='par_1_5' title="bbox 0 0 1091 3650">
     <span class='ocr_line' id='line_1_32' title="bbox 0 0 1091 3650; baseline 0 0"><span class='ocrx_word' id='word_1_167' title='bbox 0 0 1091 3650; x_wconf 95' lang='lat' dir='ltr'> </span> 
     </span>
    </p>
   </div>
  </div>
 </body>
</html>
