2100 3650
278 294 851 399 262JC.Conu.Trrcrr1

275 437 353 497 male
373 433 549 495 dissimulati
570 436 600 495 in
622 454 669 494 eos
687 436 819 496 Muciani
843 439 962 499 iracun-

274 516 341 589 dil,
360 518 490 597 quamvis
509 516 588 577 vultu
606 534 752 599 tegeretur.
767 517 824 577 Sed
837 520 958 591 civitas,

273 598 410 659 rimandis
422 594 537 657 offensis
549 610 653 680 sagam
668 618 788 659 verterat
798 620 846 670 se,
861 620 959 661 trans-

274 681 438 761 tuleratque,
462 680 514 739 llle
543 701 613 740 unus
640 680 766 752 ambiri,
788 682 845 741 coli
868 706 876 739 :
902 702 958 741 nec

272 761 368 821 deerat
384 764 458 842 ipse,
479 759 595 839 stipatus
613 763 745 832 armatis,
763 762 866 823 domos
886 760 959 823 hot-

219 864 223 871 ’
272 861 373 925 torque
403 861 591 923 permutans,
615 862 781 923 apparatu,
817 846 927 904 incessu
941 888 955 916 ,

272 925 415 996 excubiis,
434 926 494 983 vina
509 925 642 1004 principis
657 925 825 1005 complecii‚
844 946 956 987 nomen

272 1008 421 1067 remittere.
441 1003 598 1075 Plurimum
619 1008 728 1065 terroris
748 1008 843 1068 intulit
863 1008 956 1069 caedes

273 1088 426 1169 Calpurnii
441 1087 596 1148 Galeriani.
614 1087 642 1147 Is
656 1085 710 1147 fuit
724 1086 797 1148 lilius
816 1088 854 1149 C.
869 1090 955 1149 Piso·
1041 1136 1042 1147 ,

272 1171 339 1241 nis,
360 1167 434 1229 nibil
452 1185 532 1229 ausus
553 1192 560 1227 ε
579 1168 627 1229 sed
648 1190 756 1229 nomen
775 1170 907 1253 insigne,
924 1181 955 1232 δι

271 1250 374 1311 decora
399 1252 454 1332 ipsi
479 1256 615 1328 juventa,
636 1270 748 1311 rumore
769 1251 848 1333 vulgi
872 1252 952 1311 cele·

270 1333 424 1393 brabanrur
437 1356 445 1391 ι
458 1352 592 1413 erantque
610 1333 767 1393 incivitate
786 1330 878 1393 adhuc
895 1352 954 1393 tut·

270 1414 360 1486 bida,
375 1424 404 1475 &
417 1416 497 1474 novis
509 1413 685 1474 sermonibus
698 1414 781 1486 leta,
802 1417 852 1496 qui
871 1416 954 1495 ptiu-

271 1494 379 1575 cipattis
402 1498 516 1555 inanem
544 1497 570 1553 ei
595 1492 704 1555 famam
735 1496 954 1559 circumdarent.

270 1577 355 1637 Jussu
367 1578 498 1637 Muciani
512 1574 637 1635 custodiit
649 1577 766 1637 militari
777 1580 902 1649 cincius,
914 1601 952 1639 ne

269 1659 302 1718 in
328 1661 388 1737 ipsa
408 1658 477 1717 urbe
497 1661 672 1737 conspeffior
693 1658 881 1730 rnorsforet,
912 1660 951 1721 ad

270 1740 521 1824 quadragesimum
535 1740 571 1799 ab
583 1740 650 1799 urbe
664 1741 789 1822 lapidem
803 1740 872 1813 ,viu
881 1742 951 1821 Ap-

194 1824 201 1837 '
270 1818 336 1904 pii,
360 1821 425 1883 fuso
444 1843 492 1904 per
513 1843 598 1883 venas
616 1824 773 1906 sanguine,
796 1821 950 1907 exstingui·

269 1924 323 1966 tur.
340 1907 430 1967 Julius
445 1905 570 1976 Priscus,
592 1908 804 1984 pretoriarum,
824 1907 875 1966 sub
896 1907 953 1966 Vi·

269 1989 368 2059 tellio,
386 1985 547 2047 cohortium
564 1985 724 2066 prefecius,
739 2009 768 2048 se
782 1989 841 2067 ipse
861 1990 951 2047 inter·

270 2068 359 2138 fecit,
389 2069 495 2150 pudore
529 2069 621 2151 magis
655 2066 741 2149 quim
773 2071 947 2132 necessitate.

216 2192 219 2201 .
269 2148 417 2230 Alphenus
435 2153 528 2210 Varus
552 2150 673 2233 ignavia
691 2148 874 2231 infamiaeque
893 2173 949 2210 suae

268 2231 413 2311 superfuit.
434 2233 574 2292 Asiaticus
591 2233 672 2292 'enirn
688 2232 819 2302 libertus,
841 2233 950 2294 malam

270 2315 428 2395 potentiam
449 2312 542 2372 servili
562 2315 698 2393 supplicio
719 2315 851 2393 expiavit.

310 2395 378 2456 ΧΗ.
402 2394 507 2454 lisdem
529 2393 626 2454 diebus
643 2396 862 2455 crebrescentem
886 2395 944 2456 cla-

268 2477 314 2538 dis
325 2477 502 2539 Germanicae
514 2475 641 2548 lamam,
652 2497 831 2559 nequaquam
846 2476 947 2538 moesta

270 2561 369 2620 civitas
387 2560 569 2641 excipiebat:
593 2554 675 2619 &mos
693 2561 847 2629 exereitus,
865 2578 947 2633 capra

269 2643 406 2719 legionum
418 2641 548 2711 hiberna,
565 2643 714 2703 descivisse
736 2641 869 2711 Gallias,
885 2662 945 2700 non

269 2741 302 2781 ut
331 2724 407 2783 mala
435 2724 630 2804 loquebantur.
654 2722 687 2782 ld
711 2722 818 2782 bellurn
841 2721 944 2802 quibus

268 2807 362 2867 causis
385 2823 497 2878 ortum,
522 2824 631 2888 quanto
654 2824 829 2870 externarum
853 2805 949 2864 socia·
