2100 3650
201 237 512 323 Hrsroarnnrrm
528 242 613 313 Lm.
628 242 696 313 IV.
734 264 749 330 3
758 260 798 334 35

122 358 191 420 inde
204 360 300 431 dibu,
313 362 395 421 tertlo
408 361 453 428 die
469 380 579 425 tantum
592 363 680 422 maris
697 381 799 423 emen·

122 442 168 512 si,
201 441 401 502 Alexandriam
428 443 613 523 appellantur.
645 442 802 523 Templum

122 542 176 603 pro
198 523 394 605 magnitudine
412 525 487 584 urbis
506 521 689 594 exllruclum,
713 525 802 597 loco,

124 605 171 664 cui
185 624 291 665 nomen
305 602 442 667 Rhacotis
457 628 464 661 ε
477 602 568 669 fuerat
580 605 638 665 illic
649 605 801 679 sacellum,

124 684 253 765 Serapidi
279 705 364 766 atque
390 685 460 745 Isidi
481 688 634 767 antiquitus
652 707 801 750 sacrarum.

123 762 196 825 Haec
217 765 250 825 de
268 768 379 849 origine
404 775 431 831 δι
454 765 573 827 adveclu
592 766 637 827 dei
655 767 802 828 celeberri-

124 866 184 912 ma.
201 846 264 906 Nec
277 868 339 908 sum
355 849 485 930 ignarus,
508 868 567 909 esse
577 849 737 929 quosdam,
751 852 802 931 qui

125 925 275 999 seleucis,
304 928 366 990 urbe
390 927 480 1009 Syrie
509 930 648 1000 accitum,
673 951 803 1009 regnante

126 1007 294 1081 Ptolemae,
306 1030 383 1087 quem
400 1012 482 1069 tertia
496 1028 562 1069 neas
575 1012 642 1069 tulit
659 1010 731 1071 :alii
741 1034 805 1075 auc·
881 1008 890 1032 ¹

126 1107 213 1149 torem
229 1093 347 1151 eumdem
364 1090 538 1157 Ptolemeum
546 1136 558 1162 ,
576 1095 682 1162 sedem,
701 1115 736 1150 ex
750 1115 805 1169 qua

128 1173 292 1243 ermesieric,
307 1171 461 1246 Memphim
481 1169 645 1251 perhibent,
665 1173 803 1253 inclytam

128 1252 224 1323 olim,
242 1262 270 1313 &
284 1254 383 1313 veteris
401 1252 525 1349 AEgypti
547 1253 687 1316 columen.
706 1254 803 1323 Deum

128 1333 223 1413 ipsum
245 1334 327 1393 multi
347 1334 538 1407 AEsculaprum
548 1380 561 1407 ,
580 1334 655 1411 quid
668 1337 806 1395 medeatur

127 1416 208 1493 egris
218 1414 372 1487 corporibus
377 1436 391 1487 ,·
423 1412 520 1475 uidam
536 1414 654 1486 Osirin,
668 1417 803 1493 antiquis,

128 1498 230 1555 simum
247 1496 309 1564 illis
324 1436 450 1575 genriins
472 1517 593 1567 nunren,·
612 1496 735 1576 plerique
753 1496 804 1556 Io,

128 1598 211 1648 vern,
229 1594 259 1643 ut
278 1599 364 1636 rernm
385 1578 505 1635 omnium
516 1595 655 1651 potentem
661 1599 676 1647 ς
690 1579 805 1657 plurimi

128 1656 231 1727 Ditem
238 1672 359 1733 patrem,
373 1658 547 1735 insignibus,
562 1679 618 1733 qua
631 1660 734 1732 inipso
749 1680 809 1726 ma·

129 1740 189 1817 nife
210 1762 247 1811 a,
268 1758 317 1801 aut
338 1759 386 1818 per
400 1738 536 1821 ambages
555 1740 723 1817 conjeclant,

197 1819 322 1882 XXXV.
334 1818 373 1880 At
385 1820 569 1886 Domitianus
580 1818 807 1902 Mucianusque,

130 1921 284 1983 antequam
312 1901 432 1981 Alpibus
461 1902 562 1981 propin
583 1919 703 1972 uacent,
731 1922 807 1995 pros·

131 2003 213 2064 peros
229 2003 321 2044 reram
338 1985 371 2042 in
387 1981 516 2044 Treveris
532 2002 558 2064 g,

130 2085 271 2144 accepere,
300 2065 441 2144 Praecipua
471 2063 594 2124 viuoriae
626 2061 716 2133 fides,
750 2064 810 2126 dur
851 2083 865 2110 ⁶

642 2003 671 2041 m
688 2003 807 2054 nuncios
873 1994 881 2027 ·'

131 2142 257 2214 bostium
282 2145 470 2214 Valentinus,
491 2165 671 2224 nequaquam
696 2146 808 2224 abjeuo
889 2169 905 2188 ⁴

131 2229 253 2298 animo,
289 2247 339 2286 uos
354 2227 465 2306 spiritus
478 2227 623 2308 gessisset,
637 2227 717 2286 vultu
734 2225 809 2288 fere·

133 2307 193 2368 bar.
217 2249 338 2378 Auium
361 2307 427 2376 idco
441 2325 574 2375 rantum,
600 2325 630 2371 ut
649 2326 809 2369 nosceretur

134 2391 282 2474 ingenium
296 2394 372 2469 ejus,
389 2388 614 2467 damnatusque,
632 2389 808 2467 interipsum

134 2471 323 2552 supplicium,
344 2469 523 2550 exprobranti
549 2467 660 2529 cuidam
684 2471 809 2543 partiam

133 2553 193 2632 ejus
213 2569 321 2628 captain
341 2573 351 2610 .·
371 2549 501 2625 Accipere
517 2571 547 2608 se
565 2549 695 2611 solarium
714 2551 812 2610 monis

132 2632 288 2711 respondit.
311 2631 367 2693 sed
389 2631 561 2700 Mucianus,
580 2630 658 2711 quod
684 2631 731 2692 diu
758 2652 811 2690 oc·
906 2696 910 2707 ¹

137 2714 306 2786 cultaverat,
335 2731 365 2777 ut
382 2732 476 2774 recens
499 2713 698 2795 exprompsit:
725 2712 811 2793 0¹¹0·-
