2100 3650
215 267 256 353 38
322 263 359 332 C.
388 263 538 332 Curru.
568 264 766 331 Tecta-r

213 385 313 466 magni
324 381 431 453 metius,
447 391 475 442 tt
492 403 603 466 magnae
619 383 666 442 irae
679 383 821 442 silentium
834 379 884 445 est

213 462 327 534 Othoni
346 477 443 525 tamen
458 467 563 524 armari
573 464 678 538 plebem
688 463 884 528 nunciabatur.

212 545 256 605 Ire
274 546 450 620 precipites,
476 542 503 606 f?
520 567 647 620 occupare
658 546 782 618 pericula
793 545 883 623 jubet.

212 625 303 709 Igitur
315 626 417 686 milites
430 627 577 696 Romani,
596 627 676 708 quasi
695 625 775 685 Volo
795 645 883 698 esen,

158 769 161 779 s
212 726 262 766 aut
274 707 430 778 Pacorum,
442 709 520 774 auito
534 705 731 766 Arsacidarum
745 647 819 767 solo
833 708 887 767 de·

212 787 335 868 pulsuri,
357 809 389 847 ac
404 811 463 850 non
478 789 675 868 imperatorem
690 808 790 859 suum,
803 790 884 848 iner-

172 894 176 904 ⁴
213 888 291 928 mern
308 878 335 930 δι
351 889 469 941 senem,
488 867 624 928 trucidare
640 888 804 951 pergerent,
824 870 890 930 dis-

211 948 286 1028 jetta
312 950 420 1030 plebe,
452 950 613 1031 proculcato
643 969 767 1021 senatu,
795 967 886 1012 truces

212 1032 318 1102 armis,
341 1031 445 1110 rapidis
464 1031 558 1111 equis,
580 1030 674 1092 fotum
693 1033 857 1112 inrumpunt
876 1055 885 1092 t

212 1131 266 1170 nec
277 1112 340 1172 illos
353 1111 492 1192 Capitolii
504 1111 672 1190 adspectus,
687 1121 716 1172 dt
732 1115 888 1173 imminen-

213 1192 285 1252 tium
303 1194 471 1274 templorum
484 1194 585 1276 religio
599 1239 608 1265 ,
629 1203 657 1254 δι
676 1196 819 1273 priores&
832 1193 891 1254 fu·-

213 1275 269 1332 turi
280 1277 417 1356 principes
434 1294 571 1343 terruere,
590 1277 741 1356 quominus
761 1274 888 1337 facerent

213 1353 321 1425 scelus,
341 1360 417 1435 quus
433 1356 507 1415 ultor
526 1354 566 1415 est
584 1357 710 1437 quisquis
725 1359 864 1416 successit.

253 1435 333 1494 XLI.
343 1437 416 1498 Viso
427 1437 555 1496 cominus
567 1455 739 1496 armatorum
753 1439 885 1520 agmine,

214 1517 372 1578 vexillarius
407 1518 570 1578 comitantis
605 1518 730 1579 Galbam
762 1516 888 1578 cohortis

217 1596 361 1667 (Atilium
381 1599 566 1678 Vergilionem
574 1601 666 1678 ficisst
679 1597 813 1674 tradunt)
831 1599 886 1658 de·

215 1695 322 1756 reptatu
341 1679 441 1740 Galbae
457 1681 614 1762 imaginem
629 1681 691 1741 eolo
707 1680 823 1740 adflixit.
840 1681 888 1740 Eo

216 1759 300 1841 signo.
312 1759 459 1821 manifesta
475 1762 505 1820 in
518 1758 668 1820 Othonem
684 1763 814 1820 omnium
830 1764 890 1820 nri-

190 1845 191 1849 ’
215 1838 297 1899 litum
307 1840 396 1904 studia
407 1888 416 1914 ,
434 1842 571 1903 desertum
582 1843 652 1926 fugi
666 1844 764 1924 populi
773 1842 886 1914 forum,

217 1920 344 1983 destricta
374 1925 504 1985 adversus
528 1923 687 1985 dubitantes
712 1924 777 1984 tela.
803 1925 888 1984 Juxta

217 2001 312 2063 Curtii
322 2005 438 2077 lacurn,
454 2004 639 2085 trepidatione
651 2006 799 2065 ferentium
814 2004 889 2065 Gal-

216 2080 254 2143 ba
280 2090 418 2165 projestus
443 2106 459 2145 e
481 2086 572 2158 sella,
594 2104 632 2147 'ac
654 2087 817 2167 provolutus
838 2083 886 2145 est.

217 2162 383 2226 Extremam
396 2170 454 2246 ejus
471 2188 593 2238 vocem,
611 2187 643 2228 nt
655 2169 755 2249 cuique
768 2166 888 2238 odium,

216 2262 267 2303 aut
282 2244 438 2308 admiratio·
450 2248 524 2321 fuit,
539 2250 616 2310 varie
639 2248 792 2329 prodidere.
805 2248 889 2319 Alii,

216 2326 376 2406 suppliciter
388 2330 587 2414 interrogasse,
606 2332 674 2409 quid
688 2332 758 2391 muli
773 2330 888 2389 meruis-

217 2412 286 2467 set?
302 2432 405 2484 paucus
427 2414 486 2473 dies
504 2414 668 2473 exsoluendo
687 2412 820 2473 donativo
838 2409 890 2468 de-

218 2506 362 2567 precatum
381 2514 388 2551 =
409 2495 521 2572 plures,
540 2493 672 2555 obtulisse
686 2494 761 2552 ultro
778 2512 893 2573 pertus-

190 2642 194 2649 !
216 2570 327 2631 toribus
335 2576 481 2655 jugulum,
496 2593 604 2655 agerent
617 2599 649 2635 ac
658 2576 793 2655 ferirent,
805 2574 834 2632 si
846 2574 890 2630 ita

177 2654 185 2669 ²
220 2671 235 2707 ι
254 2652 342 2725 repub.
365 2657 510 2715 uideretur.
534 2656 604 2716 Non
621 2654 746 2715 interfuit
759 2653 891 2713 occiden-

222 2732 292 2795 uum
306 2734 500 2816 quiddieeret.
519 2736 566 2801 De
583 2757 739 2821 percussore
750 2758 811 2801 uon
822 2736 897 2797 sarie
