2100 3650
240 275 304 338 128
361 271 398 339 C.
428 272 819 342 Couu.·TAcrrr

275 393 309 450 L.
328 389 414 450 Hunc
434 392 504 450 vitre.
520 389 607 450 finem
627 389 729 452 habuit
748 391 882 471 septimo
899 399 929 451 8<

236 474 378 531 tricesimo
398 472 487 530 aetutis
504 495 590 533 anno.
612 473 707 555 Origo
726 473 768 532 illi
784 493 801 530 e
819 470 930 532 niuni-

236 555 313 632 cipio
345 553 503 612 Ferentino.
534 555 616 614 Pater
644 555 820 624 consularis3
849 575 930 614 avus

238 636 380 716 praetorius
403 653 590 696 :maternum
614 657 701 718 genus
726 638 838 715 impar,
867 656 928 694 nec

237 735 334 774 tamen
355 713 519 776 indecorum
548 741 555 773 :
586 716 704 797 pueritia
727 738 759 777 ac
781 714 930 792 juventi,

235 796 352 877 qualem
377 795 617 858 monstravimus:
641 798 750 858 duobus
773 798 928 858 facinori-

239 878 312 949 bus,
332 878 427 945 altero,
442 881 665 961 flagitiosissimo
681 927 693 951 ,
719 881 806 940 altero
831 901 928 961 egre·-

235 961 313 1042 .gio,
339 958 517 1021 tantumdem
548 962 623 1042 apud
656 959 780 1041 posteros
816 963 930 1022 meruit

240 1042 323 1100 bouae
341 1040 443 1113 famae,
465 1062 605 1123 quantum
624 1043 715 1103 malz.
736 1044 780 1104 Ut
802 1044 931 1122 conqui-

241 1143 299 1180 rere
315 1121 464 1193 fabulosa‚
483 1133 510 1183 &
523 1121 597 1184 fietis
610 1124 750 1184 oblellare
763 1124 929 1206 legentium

241 1205 380 1275 animos,
413 1205 512 1286 procul
542 1208 679 1288 gravitate
711 1208 796 1284 coepti
829 1208 930 1284 operis

237 1285 408 1345 ‚crediderim
420 1308 431 1356 3
459 1287 500 1346 ita
526 1288 649 1370 vulgatis
675 1287 841 1367 traditisque
864 1287 928 1346 de-

243 1387 319 1425 mere
336 1365 421 1426 fidem
442 1390 501 1426 nou
520 1371 621 1428 ausim.
643 1369 703 1430 Die
722 1391 772 1446 quo
791 1369 932 1428 Bedriaci

242 1447 412 1519 certabatur,
438 1472 518 1510 avem
540 1451 691 1512 inuisitarcl
712 1452 822 1526 specie,
849 1455 933 1523 apud

242 1527 359 1608 Regium
384 1530 516 1604 Lepidum
542 1531 639 1592 celebri
665 1533 729 1591 uico
749 1532 930 1604 consedisse,

240 1611 344 1670 iucolae
365 1631 550 1683 memorant,·
570 1635 617 1673 nec
636 1615 731 1674 deinde
751 1631 818 1672 coetu
835 1612 951 1672 homi-f

243 1715 330 1762 num,
344 1712 392 1751 aut
414 1695 693 1754 circumvolitantium
714 1696 833 1764 alitum,
847 1697 932 1753 tmi-

243 1795 304 1835 tam
317 1777 483 1849 pulsamur,
503 1778 586 1837 donec
611 1775 688 1837 Otlto
707 1776 815 1851 seipse
836 1776 930 1835 inter-

238 1859 335 1939 ficeret
352 1876 431 1915 :tum
445 1858 566 1921 ablutam
583 1881 617 1919 ex
633 1858 719 1920 oculis
734 1882 745 1916 .·
761 1855 788 1917 ἃ
805 1876 932 1932 tempora

245 1939 933 2019 reputant-ibus,initiumfinemquemiraculi,cum

243 2018 377 2084 ‘'Otlronis
395 2021 471 2079 exitu
483 2024 651 2095 competisse.

290 2102 339 2160 LI.
358 2102 392 2159 In
407 2100 503 2160 funere
517 2108 590 2181 ejus,
607 2120 713 2163 novata
727 2102 805 2163 lustu
821 2123 856 2161 ac
874 2100 934 2163 do-

246 2182 308 2264 lore
324 2183 448 2241 militum
462 2183 563 2243 seditio
584 2207 591 2241 ε
612 2203 760 2253 necerat,
779 2186 830 2263 qui
849 2204 933 2243 coer-

248 2283 331 2323 ceret.
350 2264 398 2323 Ad
417 2264 588 2347 Verginium
607 2267 702 2337 versi,
724 2262 813 2323 modu
832 2283 864 2323 ut
886 2288 933 2325 re-

249 2348 349 2421 ciperet
366 2347 508 2420 imperium
521 2392 533 2416 ,
552 2367 627 2406 nunc
647 2365 678 2405 ut
698 2347 834 2425 legatione
857 2350 935 2421 apud

253 2430 386 2489 Caecinam
395 2450 426 2487 ac
445 2427 590 2487 Valentem
593 2427 773 2507 fungeretur,
785 2428 930 2487 minitan-

251 2530 294 2570 tes
307 2510 436 2582 orabant.
452 2506 607 2591 Verginius
625 2530 672 2588 per
688 2529 814 2569 aversam
828 2508 933 2569 domirs

232 2662 237 2669 .
252 2610 361 2671 partem
374 2589 472 2649 furtim
484 2589 628 2673 degressus
638 2635 647 2661 ,
659 2592 848 2668 inrumpentes
857 2588 932 2650 frus·

254 2690 340 2732 tratus
361 2670 407 2731 est.
429 2672 556 2741 Earum,
578 2693 639 2753 quae
657 2671 770 2731 Brixelli
790 2692 907 2753 egerunt
919 2715 933 2741 ,

254 2751 413 2815 cohortium
430 2774 524 2835 preces
543 2753 663 2819 Rubrius
689 2752 788 2815 Gallus
806 2752 883 2813 tulit.
894 2752 934 2813 Et
