2100 3650
164 318 473 388 Hrsroureuun
488 317 575 385 1113.
591 314 661 386 [ΙΙ.
693 338 759 404 195

78 456 158 500 sent:
168 436 262 498 statim
270 436 396 498 confossi
409 437 585 519 moestoque
596 437 760 497 intercidere

79 517 421 580 nominazdefatrohaud
429 520 592 601 ambigitur.
600 518 710 579 Neutro
719 522 761 581 in-

79 598 760 672 elinaveratfortuna,doriecaduitinoste,luna

79 702 198 764 surgens
216 679 373 741 ostenderet
391 683 485 750 acies,
509 681 679 763 failerceque.
702 682 760 743 Sed

79 762 225 822 flavianis
244 764 351 843 sequior
376 759 494 847 arergo
516 785 524 819 :
549 758 615 822 hinc
639 770 760 843 majores

61 864 221 926 ·equorum
234 845 414 925 virorumque
426 844 551 913 umbre,
568 852 595 903 &
616 842 707 916 falso,
729 865 761 905 ut

79 928 111 984 in
134 945 272 1005 corpora,
295 926 373 995 istu,
393 925 450 985 tela
475 922 598 983 hostium
620 924 688 985 citr‘a
706 948 758 985 ca-

79 1006 190 1065 debant
212 1006 393 1065 :Vitelliani
417 1004 534 1067 adverso
559 1006 666 1065 iumine
694 1010 759 1068 col-

77 1089 231 1157 lucentes,
251 1087 329 1147 velut
354 1107 390 1145 ex
416 1086 530 1147 occano
550 1088 760 1166 jaculantibus,

73 1169 205 1237 incauti,
224 1164 422 1228 offerebantur.

116 1248 235 1311 XXIV.
260 1250 351 1333 igitur
377 1249 545 1320 Antonius,
572 1249 622 1309 ubi
646 1270 762 1312 noscere

74 1351 165 1402 suos,
190 1332 325 1411 noscique
354 1348 487 1409 poterat,
509 1331 581 1391 alios
604 1332 709 1411 pudore
731 1342 761 1393 δε

75 1412 212 1492 probris,
236 1412 340 1471 multos
353 1411 436 1471 laude
459 1420 487 1471 δι
510 1409 641 1484 hortans,
659 1434 761 1477 omnes

74 1514 125 1573 spe
136 1494 338 1573 promissisque
348 1490 522 1563 accendens,
537 1515 585 1551 cur
596 1495 655 1552 rari
667 1517 760 1571 sump-

74 1577 187 1635 sissent
211 1579 313 1648 anna?
330 1573 508 1635 Pannonicas
529 1574 655 1657 legiones
672 1580 760 1637 inter-

74 1655 204 1738 rogabat
215 1677 223 1712 ε
235 1656 300 1715 illos
315 1678 375 1715 esse
385 1678 511 1730 cnrnpos,
531 1656 671 1732 inquibus
692 1658 759 1717 abo·

74 1739 133 1797 lere
150 1735 241 1795 labem
248 1736 352 1810 prioris
366 1738 537 1817 ignominia,
552 1736 597 1794 ubi
614 1737 761 1811 reciperare

72 1818 199 1899 gloriam
205 1827 328 1893 possent.
347 1815 425 1878 Tum
440 1817 477 1877 sd
488 1818 624 1878 Moesicos
637 1840 759 1880 conver-

75 1922 147 1971 sus,
174 1900 314 1975 principes
344 1905 513 1976 rudioresque
541 1897 607 1958 belli
633 1900 726 1960 ciebat
751 1925 761 1962 e

68 1983 180 2064 frustra
198 1982 282 2040 minis
297 1977 324 2040 f?
337 1981 428 2042 verbis
435 1998 601 2055 provocatos
624 1981 760 2042 Vitellia·

74 2085 148 2133 nos,
159 2063 190 2121 si
199 2084 297 2121 manus
310 2083 400 2122 eorum
412 2063 553 2139 oculosque
566 2083 619 2120 non
629 2064 758 2126 tolerent.

73 2144 147 2206 Haec
162 2161 195 2202 ur
210 2163 336 2224 quosque
346 2163 526 2204 secesserat:
544 2143 623 2222 plura
641 2143 678 2203 ad
698 2163 758 2206 ter·

74 2227 193 2294 tianos,
211 2242 335 2284 veterum
348 2226 559 2305 recentiumque
578 2223 761 2288 admonens:

75 2327 107 2366 ut
119 2307 176 2367 sub
185 2305 233 2363 M.
251 2305 378 2366 Antonio
391 2305 531 2376 Parthos,
548 2303 598 2365 sub
613 2307 760 2386 Curbulone

71 2388 265 2455 Armenios,
296 2409 381 2461 nuper
402 2385 549 2449 Sarmatas
575 2388 757 2462 pepulissent.

73 2471 154 2531 Mox
180 2466 304 2528 infensus
328 2469 524 2547 praetorianis:
551 2469 629 2539 Vos,
645 2469 758 2550 inquit,

73 2554 136 2618 nisi
149 2549 289 2619 vincitis,
298 2549 419 2628 pagani,
434 2551 495 2626 quis
512 2549 586 2606 alius
597 2550 759 2624 imperator,

71 2654 130 2710 qna
153 2631 242 2712 castra
263 2631 322 2689 alia
341 2631 502 2704 excipient?
523 2629 589 2689 Illic
606 2632 686 2709 signa
710 2655 757 2692 ar·

72 2734 174 2791 meque
192 2711 279 2789 vestra
296 2729 381 2781 sunt,
405 2708 524 2770 &mors
548 2711 631 2772 viciis
651 2736 661 2769 :
681 2712 758 2792 igno-

71 2797 195 2855 miniam
218 2791 429 2874 consumpsistis.
455 2791 592 2873 Undique
617 2791 756 2857 clamos:

120 2875 205 2934 Tom.
229 2873 298 2933 ΙΙΙ.
622 2871 637 2933 I
