2100 3650
175 334 487 413 HrsrottrAnurr
502 340 588 411 Lrn.
606 334 676 411 III.
714 356 726 409 r
734 359 780 430 97

101 456 275 544 brachiaque
295 486 302 521 z
322 464 425 545 integri
441 484 505 523 cum
522 463 644 534 sauciis,
660 462 781 522 semine·

102 564 150 603 ces
178 565 244 604 cum
275 543 476 624 exspirantibus
501 545 672 615 solvuntur,
703 541 783 604 varii

101 626 279 704 pereuntium
296 623 408 697 formai,
420 633 448 685 rt
464 627 547 685 omni
560 626 686 709 imagine
702 644 782 683 rnor-

101 723 185 764 num.

102 814 108 821 ·
141 784 254 847 XXIX.
285 786 461 847 Acerrimum
492 780 636 868 septimae,
672 788 779 847 nme*

101 887 158 949 que
190 868 337 951 legionum
364 880 504 927 certamen
530 878 585 929 2&
607 868 663 932 dux
686 868 782 928 Anto·

100 950 190 1019 nius,
216 969 281 1008 cum
309 949 422 1009 delectis
448 949 649 1020 auxiliaribus,
677 948 781 1009 eedem

100 1030 275 1100 incubuerat.
294 1028 461 1091 Obstinatos
481 1032 552 1089 inter
570 1050 599 1091 se
615 1051 704 1112 quum
720 1052 781 1091 sus-

101 1112 193 1169 tinere
213 1111 362 1171 Vitelliani
390 1112 558 1191 nequirent,
579 1120 606 1172 δι
627 1115 782 1191 superjecta

101 1192 159 1251 tela
179 1190 315 1252 testudine
334 1192 507 1262 laberentur3
529 1194 620 1272 ipsam
640 1190 782 1273 postremb

100 1270 236 1333 balistam
258 1274 288 1333 in
304 1275 451 1333 subeuntes
471 1274 615 1353 propulere
639 1296 646 1330 r
670 1287 731 1353 quae
750 1288 782 1333 ut

100 1354 140 1414 ad
164 1373 284 1434 praesens
300 1345 410 1433 disjecit
428 1355 597 1435 obruitque,
619 1376 691 1435 quos
708 1356 783 1415 ioci-
866 1351 869 1359 ’

102 1435 200 1506 derat3
215 1437 255 1494 ita
273 1437 373 1515 pinnas
386 1458 420 1495 ac
432 1450 543 1495 summa
559 1436 628 1495 valli
640 1434 721 1495 ruini
732 1434 783 1495 tub

101 1518 191 1576 traxit
213 1541 220 1573 ι
243 1518 327 1576 simul
346 1519 442 1593 juncta
459 1519 558 1587 turris,
580 1516 681 1577 ictibus
698 1536 783 1577 saxo-

101 1618 167 1657 rum
193 1599 275 1658 cessit
295 1620 302 1654 t
326 1595 383 1679 qui
400 1598 549 1677 septimani
566 1596 635 1657 dum
656 1598 803 1675 nituntur

101 1682 221 1749 cuneis,
237 1679 368 1739 tertiarum
380 1679 520 1738 securibus
538 1678 696 1761 gladiisque
709 1699 781 1758 por-

102 1779 165 1821 tam
187 1756 327 1844 perfregit
351 1761 477 1821 Primum
500 1760 636 1840 inrupisse
659 1758 696 1821 C.
715 1760 783 1818 Vo-

101 1844 236 1914 lusium,
263 1844 348 1903 tertia
383 1843 505 1925 legionis
535 1841 683 1912 militem,
711 1843 784 1902 inter

103 1946 208 1986 omnes
233 1928 360 1987 auctores
389 1921 532 1987 constatt
564 1924 588 1982 is
617 1923 648 1982 in
675 1923 784 1984 vallum

102 2026 251 2090 egressus,
271 2005 422 2066 deturbatis
441 2007 491 2087 qui
509 2001 680 2076 restiterant,
702 2025 785 2068 cons-

100 2091 203 2169 picuus
229 2108 316 2147 manu
332 2108 365 2146 ac
388 2107 486 2157 voce,
509 2103 589 2161 capta
610 2088 694 2167 castra
714 2107 782 2148 con-

102 2169 264 2230 clamavit:
283 2169 383 2240 ceteri,
396 2167 509 2248 trepidis
524 2172 584 2246 jam
600 2167 784 2242 Vitellianis,

102 2270 191 2332 seque
208 2270 224 2307 e
241 2250 318 2309 vallo
336 2250 590 2329 praecipirantibus‚
612 2269 754 2329 perrupere
774 2271 782 2308 t

102 2332 265 2412 completur
281 2330 353 2390 caede
375 2349 512 2410 quantum
531 2330 602 2388 inter
619 2328 705 2390 castra
722 2351 785 2391 mu·

103 2435 150 2474 ros
173 2433 210 2471 ue
232 2413 314 2472 vacui
335 2409 398 2471 fuit.

177 2493 245 2553 XX.
268 2493 308 2552 At
331 2511 420 2552 rursus
435 2511 510 2551 nova
530 2490 659 2552 laborum
677 2489 783 2564 faciest

103 2575 195 2638 ardua
217 2574 437 2644 urbismoenia,
454 2590 541 2632 saxeae
563 2589 669 2643 turres,
689 2571 785 2634 ferrati

103 2676 252 2738 portarum
270 2655 385 2725 obices,
401 2653 514 2714 vibrans
534 2654 588 2712 tela
608 2654 708 2725 miles,
727 2653 784 2714 fre-

103 2760 196 2818 quens
234 2734 435 2816 obstriclusque
464 2734 628 2794 Vitellianis
660 2736 785 2816 partibus

105 2819 312 2881 Cremonensis
325 2818 461 2900 populus,
478 2835 583 2900 magna
601 2837 663 2898 pars
677 2816 784 2889 ltalia„

621 2895 636 2958 1
654 2897 685 2977 nj
