2100 3650
279 298 345 365 188
402 296 439 365 C.
469 297 623 365 coru.
656 298 867 365 ΤΑ-σιΤῙ

276 414 438 475 sternantur.
472 416 615 476 Antonius
651 415 752 477 instare
791 418 946 497 perculsis,

276 496 394 578 sternere
424 497 534 556 obvios.
560 498 651 558 Simul
672 500 775 568 ceteri,
803 517 835 556 ut
857 501 948 579 cuique

277 579 443 660 ingenium,
459 580 595 659 spoliare,
611 594 727 659 capere,
739 598 844 648 arma,
860 600 950 661 equos·

277 677 333 738 que
346 659 470 738 abripere
488 683 495 716 z
511 662 641 720 &exciti
657 680 790 759 prospero
811 660 949 731 clamore,

277 741 327 818 qui
356 738 445 799 modd
476 756 524 820 per
555 755 639 823 agros
666 740 736 823 fuga
765 741 933 821 palabantur
940 784 950 811 ,

276 821 400 879 viuoriae
420 842 449 880 se
476 822 640 881 miscebant·
872 897 878 903 ἢ

317 901 432 978 XVIII.
451 902 499 964 Ad
520 918 651 983 quartum
671 924 688 961 a
711 899 865 963 Cremona
888 902 952 981 lapi·

278 977 369 1053 dem,
400 981 500 1041 fulsere
527 984 674 1068 legionum
704 984 809 1065 signa,
835 984 953 1063 Rapacis

277 1080 363 1143 atque
389 1063 515 1134 italica,
538 1064 602 1123 laeto
628 1067 701 1123 inter
723 1065 807 1123 initia
830 1066 952 1145 equitum

277 1164 392 1204 suorum
411 1144 530 1223 proelio,
554 1146 619 1205 illuc
637 1152 722 1225 usque
743 1148 893 1224 provedla,
906 1144 954 1205 Sed

277 1225 329 1283 ubi
346 1225 458 1285 fortuna
471 1223 569 1285 contri
588 1226 661 1297 fuit,
681 1222 741 1285 nun
764 1226 862 1285 laxare
885 1226 954 1285 ordi-

278 1322 347 1379 nes,
366 1329 426 1367 non
443 1309 563 1387 recipere
584 1306 735 1375 turbatos,
756 1322 818 1367 non
839 1302 955 1366 obviam

278 1386 340 1457 ire,
368 1389 497 1469 ultroque
527 1387 643 1473 adgredi
674 1376 783 1460 hostem
799 1434 813 1458 ,
849 1408 957 1448 tantum

278 1486 328 1547 per
345 1470 467 1549 spatium
490 1491 572 1529 cursu
595 1480 622 1531 &
646 1468 802 1552 pugnando
826 1466 956 1529 fessum:

280 1540 353 1607 forte
368 1552 455 1620 viui,
479 1548 555 1611 haud
577 1550 690 1631 perinde
714 1550 796 1609 rebus
818 1550 958 1630 prospe'ris
1027 1553 1031 1564 '

281 1630 381 1689 duceni
398 1630 645 1710 desideraverant,
669 1647 753 1711 atque
780 1633 811 1690 in
839 1633 959 1691 adversis

280 1710 374 1771 deesse
391 1712 596 1795 intelligebant.
613 1714 771 1773 Nutantem
788 1714 885 1771 aciem
902 1716 960 1771 vic-

262 1812 327 1852 ›tor
346 1794 482 1875 equitatus
500 1795 622 1855 incursat
637 1818 643 1853 ε
661 1804 688 1855 &
704 1789 862 1876 Vipstanus
875 1794 959 1854 Mes-

280 1876 374 1944 salla,
399 1875 545 1948 tribunus‘-,
572 1893 636 1936 eum
656 1875 785 1936 Moesicis
811 1877 959 1936 auxiliari-

248 1997 256 2006 ·
281 1956 335 2016 bus
364 1955 544 2038 adsequitur,
576 1979 647 2038 quos
686 1957 793 2017 militiae
823 1958 961 2042 legiona-

185 2083 190 2092 .
282 2040 348 2108 riis,
360 2059 535 2120 quamquam
549 2041 652 2118 raptim
668 2037 786 2108 dudios,
798 2039 961 2120 aquabant.

283 2118 328 2178 Ita
349 2138 452 2179 mixtus
470 2115 553 2200 pedes
572 2135 711 2202 equesque
722 2166 734 2190 ‚.
753 2139 850 2196 rupere
869 2121 964 2204 legio-

283 2219 352 2259 num
375 2220 488 2283 agmen.
521 2201 560 2260 Et
587 2202 743 2281 propinqua
774 2201 963 2262 Cremonen-

284 2283 358 2340 sium
382 2284 509 2352 moenia,
531 2281 638 2364 quanti)
659 2283 720 2362 plus
740 2285 800 2362 spei
822 2280 859 2342 ad
886 2281 964 2342 effu·

265 2405 268 2411 ,
306 2365 385 2434 ium,
405 2365 545 2423 minorem
566 2363 602 2424 ad
625 2361 807 2423 resistendum
831 2365 966 2425 animum

285 2380 399 2503 dabant.
730 2516 733 2522 ‚
861 2443 863 2450 ’

324 2524 407 2585 ΧΙΧ.
425 2526 490 2585 Nec
509 2521 652 2586 Antonius
670 2521 742 2586 ultri
759 2522 879 2596 institit,
904 2547 967 2585 me-

285 2625 349 2664 mor
366 2606 471 2666 laboris
484 2626 517 2667 ac
530 2609 697 2678 vulnerum,
717 2607 817 2700 quibus
829 2625 893 2665 tam
908 2629 965 2666 an·

285 2707 349 2767 ceps
364 2689 453 2768 proelii
470 2689 600 2759 fortuna,
622 2709 750 2772 quamvis
765 2708 901 2768 prospero
926 2681 965 2744 fi-

284 2775 345 2842 n'e,
362 2771 467 2850 equites
491 2791 633 2852 equosque
650 2769 849 2831 adfliuaverat.
866 2767 968 2828 Inum-
