2100 3650
278 333 325 424 76
402 335 440 403 C.
474 331 618 402 Cous.
654 329 863 401 Tecrur

278 455 455 522 intercidere,
481 475 513 512 oc
535 453 656 527 reputari
676 453 835 526 promiscua
856 471 927 512 sunt
950 475 960 512 .·

277 538 414 598 eternitas
433 555 540 604 rerum,
562 531 664 608 &pax
681 535 825 613 gentium,
850 531 880 594 ἃ
906 557 963 594 mea

277 639 337 677 cum
354 617 442 699 veflra
461 618 561 684 salus,
581 616 770 686 incolumitate
786 616 905 675 senatuis
915 620 964 696 fir·

181 699 185 708 ’
275 716 374 758 matur.
395 697 477 757 Hunc
494 696 635 770 auspicati)
657 719 675 754 o
690 715 805 770 parente
823 693 852 758 ἃ
868 701 964 757 condi·

276 785 334 838 iore
359 779 433 838 urbis
455 780 547 860 nostroe
568 779 738 858 institutum,
762 775 791 837 ἃ
811 801 832 836 a
857 780 965 858 regibus

276 882 359 938 usque
369 864 407 922 od
411 861 551 935 principes
561 856 962 932 continuumoimmonalem,
1035 867 1037 874 '

276 944 351 1002 sicut
374 965 393 1001 a
414 940 563 1024 majoribus
587 942 759 1015 occepimus,
784 943 827 999 sic
847 944 964 1024 posteris

276 1025 428 1082 tradamus.
453 1023 530 1082 Nam
546 1040 576 1080 ut
595 1045 630 1081 ex
644 1021 727 1084 uobis
740 1040 908 1094 senatores,
923 1027 963 1083 ita

276 1127 311 1164 ex
332 1105 504 1164 senatoribus
517 1104 659 1178 principes
675 1122 834 1164 nascuntur.

319 1185 472 1246 LXXXV.
498 1185 539 1247 Et
565 1186 658 1245 oratio
683 1184 720 1245 ad
748 1183 963 1270 pestn'ngendos

277 1267 499 1349 mulcendosque
525 1267 650 1327 militum
674 1269 807 1338 animos,
833 1277 862 1328 &
883 1289 964 1328 seve·

277 1351 368 1409 sitatis
386 1349 487 1408 modus
503 1351 618 1430 (neque
633 1350 710 1408 enim
725 1350 755 1407 in
768 1350 862 1430 plures
874 1351 962 1430 qu'am

276 1430 309 1489 in
336 1429 619 1491 duosanimadverti
640 1435 780 1510 jusserat)
803 1431 884 1514 grate
906 1453 962 1491 ac-

276 1529 386 1592 cepta,
420 1511 628 1594 compositique
666 1511 703 1572 ad
734 1533 879 1593 presens,
913 1516 964 1596 qui

277 1593 402 1652 'coerceri'
423 1612 482 1654 non
507 1611 646 1674 poterant.
670 1593 747 1654 Non'
764 1614 861 1655 tamen
883 1597 964 1675 quies

277 1674 342 1734 urbi
360 1669 479 1734 redierat
500 1697 507 1734 ε
527 1671 653 1756 strepitus
668 1675 810 1749 telorum,
831 1685 860 1738 δι
873 1675 962 1738 facies

279 1755 348 1816 belli
363 1773 440 1815 erat:
455 1755 611 1828 militibus,
630 1755 750 1817 ut'nihil
762 1760 792 1817 in
808 1778 964 1818 commune
1035 1785 1037 1788 ⁴

279 1838 490 1911 turbantibus,
505 1840 545 1901 ita
570 1840 670 1921 sparsis
693 1860 740 1921 per
761 1839 887 1911 domos,
912 1862 965 1899 oc-

279 1921 357 1985 'culto
376 1918 494 1992 habitu,
514 1930 542 1982 &
559 1920 688 2005 maligni
709 1919 774 1984 cord
794 1923 826 1981 in
843 1942 962 1994 omnes,

279 2022 352 2085 quos
371 2002 527 2072 nobilitas,
552 2020 601 2063 aut
621 2023 709 2083 opes,
729 2019 777 2062 aut
796 2002 894 2083 aliqua
918 2004 964 2063 in·
1034 2011 1035 2028 ¹

279 2084 368 2165 signis
389 2083 525 2143 claritudo
544 2084 708 2147 rumoribus
723 2084 874 2179 objecerat.
899 2084 962 2143 Vi-

281 2164 410 2224 tellianos
425 2185 538 2247 quoque
557 2166 780 2227 milites’vemsse
793 2166 824 2224 in
839 2165 963 2237 urbem,
1033 2221 1034 2224 ,

277 2245 318 2305 ud
331 2242 420 2307 studia
440 2250 562 2327 partium
578 2243 739 2319 noscenda,
756 2247 883 2329 plerique
897 2268 961 2305 cre-

279 2326 395 2389 debant.
416 2325 503 2389 Unde
523 2330 607 2411 plena
628 2329 727 2389 omnia
744 2330 966 2409 suspicionum,

281 2420 309 2472 δι
336 2412 384 2471 vix
414 2426 516 2469 secreta
544 2410 682 2469 domuum
706 2412 765 2470 sine
795 2409 965 2472 formidine.

282 2491 339 2554 Sed
352 2508 355 2517 ·
369 2492 520 2573 plurimum
548 2492 743 2573 trepidationis
773 2494 818 2554 in.
835 2494 967 2573 publico.

252 2606 254 2612 2
280 2576 419 2657 thuem
441 2592 474 2632 ue
488 2577 623 2633 nuncium
637 2573 717 2635 fama
732 2574 886 2646 attulisset,
901 2577 968 2636 ani·

280 2662 364 2717 'mum
391 2594 555 2737 vuitumque
584 2652 740 2727 conversi,
771 2677 807 2715 ne
835 2651 969 2718 diffidere

281 2738 395 2811 dubiis,
414 2756 563 2819 asperum
584 2738 704 2821 gaudere
723 2738 860 2819 prosperis
881 2739 967 2799 vide·

283 2840 384 2885 rentur.
419 2818 533 2883 Coado
556 2818 624 2882 γετὸ
648 2819 678 2879 in
702 2822 809 2881 coriam
835 2818 965 2893 senum,

1029 2853 1031 2892 l
