2100 3650
239 291 551 360 Hmaoutaaum
573 289 658 358 lte.
682 291 713 358 1.
774 311 817 382 ¹5

134 410 250 491 senatui
256 434 287 470 ac
292 413 394 486 populo
408 411 534 470 Romano
547 409 692 469 arbitrium
701 410 822 490 efigmdi

137 495 316 568 permittere,
336 491 395 572 qub
416 491 516 552 seditio
540 489 655 551 mollitis
673 493 817 572 accipere-

143 593 195 633 tur.
220 574 378 635 Matutavit
401 595 434 632 ea
454 593 497 633 tes
518 574 668 634 consilinm
694 572 823 646 Galba,

140 659 201 734 jam
223 655 330 733 pridem
353 653 388 712 de
406 653 560 734 adoptione
585 675 680 714 secum
702 663 731 714 dt
753 675 819 714 cum

139 737 278 816 proximis
290 737 434 818 agitantis.
449 735 519 796 Non
532 736 600 795 sane
619 737 741 795 crebrior
757 735 821 796 toti

60 859 63 863 -
141 819 257 875 civitate
283 837 375 876 sermo
400 837 448 895 pet
472 817 536 876 illos
560 837 671 878 menses
693 815 784 877 fuerat
809 839 821 876 t

141 899 266 977 primum
297 895 433 968 licentii,
460 917 493 956 ac
518 897 636 958 libidine
669 899 738 958 talia
768 897 817 958 lo·

142 978 266 1059 quendI,
279 978 345 1038 dein
357 976 430 1038 fessa
438 983 497 1058 jam
507 998 588 1038 atate
597 977 707 1040 Galba.
718 979 821 1041 Paucis

141 1059 302 1139 judicium,
327 1079 376 1119 aut
394 1060 500 1142 reipub.
523 1081 604 1120 amor
629 1061 743 1120 :multi
766 1081 820 1121 oc·

142 1139 221 1199 culti
242 1161 308 1220 spe,
334 1160 416 1220 prout
433 1143 498 1222 quit
518 1144 626 1201 amicus
642 1142 689 1201 vel
710 1143 796 1202 cliens
807 1186 818 1215 ‚

139 1219 218 1280 hunc
235 1223 281 1282 vel
300 1224 381 1281 illum
402 1223 561 1282 ambitiosis
583 1221 741 1282 tumoribus
759 1221 821 1284 det·

140 1304 292 1374 cinabant,
312 1305 398 1364 etiam
420 1305 451 1364 in
472 1303 511 1364 Τ.
527 1303 612 1363 Vinii
630 1303 751 1374 odium,
769 1304 821 1385 qui

141 1384 250 1443 indies
269 1385 378 1464 quanti)
394 1385 550 1466 potentior,
569 1384 669 1444 eodem
689 1387 754 1444 adiu
773 1387 821 1444 in·

140 1467 231 1524 vision
242 1485 307 1524 etat.
324 1465 439 1546 Quippe
453 1463 580 1536 hiantes,
593 1467 624 1526 in
641 1485 746 1548 magna
761 1463 820 1526 fot·

140 1565 228 1616 tuna,
250 1549 405 1606 amicorum
430 1547 619 1628 cupiditates,
636 1549 646 1605 i
666 1567 697 1606 sa
716 1547 822 1607 Galboe

140 1626 280 1698 facilitas,
294 1627 472 1698 intendebam
485 1648 574 1710 quum
586 1568 665 1708 apud
673 1624 821 1687 infirmum

140 1716 169 1768 &
201 1709 363 1780 credulum,
392 1712 501 1768 minore
530 1728 627 1782 metu,
656 1718 684 1770 &
711 1714 821 1790 majore

139 1791 258 1871 praemio
281 1809 446 1871 peccaretur.

185 1870 267 1931 XIII.
284 1872 412 1932 Potentia
430 1870 604 1952 prIncipatits
624 1870 715 1932 divisa
729 1872 760 1931 in
776 1870 819 1934 Τ.

143 1952 265 2012 Vinium
297 1953 458 2023 consulem,
484 1962 511 2013 δι
536 1952 706 2013 Cornelium
726 1954 822 2014 Laco-

141 2055 228 2103 nem,
245 2035 364 2114 ptaetorii
382 2034 554 2114 prafedium.
566 2034 629 2094 Nec
648 2036 742 2095 minor
754 2056 822 2118 gra-

141 2118 182 2175 tia
205 2116 302 2186 Icelo,
330 2114 431 2176 Galbae
451 2116 577 2187 libetto,
600 2136 685 2198 quem
707 2120 822 2177 annulis

141 2197 311 2268 donatum,
342 2194 460 2277 equestri
497 2200 614 2257 nomine
643 2196 821 2258 Marcianum

138 2278 315 2353 vocitabant.
337 2278 380 2337 Hi
396 2278 557 2351 discordes,
574 2289 602 2341 dt
620 2279 701 2339 tebus
717 2282 821 2340 mino-

140 2360 217 2419 ribus
235 2360 290 2419 sIbi
308 2362 426 2441 quisque
445 2360 608 2433 tendentes,
628 2362 701 2420 circa
720 2364 820 2421 consi-

141 2440 213 2501 lium
229 2442 353 2524 eligendi
370 2445 533 2502 successoris
546 2444 575 2501 in
594 2440 662 2503 duas
682 2442 823 2504 fadIiones

140 2521 351 2583 scindebantur.
375 2524 405 2581 V
406 2525 479 2583 iuius
512 2544 567 2605 pro
592 2524 637 2584 M.
666 2521 784 2583 Othone
810 2549 822 2584 t

139 2604 221 2661 Laco
237 2622 322 2686 atque
337 2604 426 2664 Icelus
440 2626 577 2665 consensu
590 2627 649 2665 non
659 2624 719 2665 tam
730 2627 822 2666 unum

140 2685 266 2765 aliquem
299 2685 458 2755 fovebant,
485 2685 573 2767 quim
595 2688 691 2746 alium.
713 2686 823 2767 Neque

138 2785 201 2828 atat
221 2766 322 2829 Galbae
347 2770 447 2852 ignota
471 2764 599 2829 Othonis
624 2790 659 2831 ac
674 2768 719 2829 T„
736 2769 823 2829 Vinii
