2100 3650
244 313 289 378 80
369 308 406 375 C.
436 306 583 374 Coan.
615 306 803 374 Taum

240 447 271 486 ut
289 424 469 486 instrumenta
491 425 560 484 belli
583 441 779 484 mercarentur.
803 423 933 504 Sapien-

241 509 317 569 tibus
339 509 442 588 quietis
465 516 492 566 &
516 507 624 585 reipub.
646 525 711 565 cura
736 529 743 562 :
767 504 932 567 levissimus

242 593 381 670 quisque,
405 596 432 648 δε
452 585 539 647 futuri
559 587 756 665 improvidus,
780 607 831 667 spe
853 585 934 648 vani

243 689 354 730 tumens
377 693 383 726 :
409 669 492 728 multi
517 667 632 729 adflicta
653 665 708 728 fide
728 670 758 727 in
781 689 877 750 pace,
897 692 932 729 ac

243 753 359 814 turbatis
377 751 458 811 rebus
480 751 605 822 alacres,
629 759 658 809 &
679 771 727 831 per
750 752 860 811 incerta
879 770 930 810 ru·

242 835 355 894 tissimi.

283 911 449 974 LXXXIX.
468 913 524 974 Sed
544 911 666 996 vitiges,
681 921 709 974 &
728 913 932 996 magnitudine

243 994 335 1056 nimii
366 997 564 1055 communium
592 1015 720 1053 curarum
744 1015 843 1073 expers
870 1017 930 1076 po-

243 1079 344 1158 pulus,
364 1079 465 1137 sentire
487 1076 635 1158 paullatim
652 1076 720 1135 belli
741 1075 839 1148 mala,
860 1099 932 1137 con-

243 1157 323 1219 versa
337 1162 368 1218 in
386 1159 510 1218 militum
530 1177 610 1218 usum
627 1158 709 1216 omni
723 1155 844 1238 pecuniis
859 1203 869 1229 ,
889 1161 933 1220 in-

244 1243 328 1302 tentis
355 1241 554 1300 alimentorum
580 1240 675 1318 pretiis
701 1261 710 1296 r
734 1259 817 1319 quae,
848 1260 933 1300 motu

243 1322 397 1394 Vindicis,
424 1320 501 1382 haud
526 1319 646 1402 perinde
668 1319 782 1402 plebem
809 1322 932 1381 attrive-

243 1421 331 1475 rant,
360 1401 455 1463 securi
485 1422 546 1462 turn
575 1403 667 1472 urbe,
697 1410 725 1461 δι
760 1403 934 1481 provinciali

246 1485 343 1556 bello,
360 1483 438 1565 quod
454 1485 552 1543 interl
589 1485 669 1544 iones
687 1482 857 1565 Galliasque
874 1487 935 1545 vel·

246 1583 278 1625 ur
300 1584 445 1626 externum
467 1564 530 1625 fuit.
582 1585 630 1624 am
647 1584 681 1623 ex
694 1585 754 1645 quo
767 1563 850 1624 divus
869 1566 934 1626 Au-

182 1643 186 1650 ’
246 1645 352 1730 gustus
366 1666 409 1707 res
432 1645 577 1708 Caesarum
602 1649 788 1726 composuit,·
809 1648 933 1726 procul,

246 1737 274 1790 &
296 1731 325 1789 in
344 1731 426 1788 unius
442 1727 661 1788 sollicitudinem
680 1746 729 1787 aut
747 1727 852 1799 decus,
873 1749 932 1809 po·

246 1811 328 1893 pulus
359 1809 507 1871 Romanus
535 1809 697 1875 bellaverat.
728 1809 788 1871 Sub
809 1809 934 1871 Tiberio

246 1901 275 1953 δι
291 1893 387 1963 Caio,
406 1910 516 1953 rantum
529 1894 605 1973 pacis
620 1892 735 1951 adversa
752 1894 934 1974 pertimuere.

247 1974 431 2035 Scriboniani
472 1993 570 2035 contra
612 1972 770 2035 Claudium
806 1976 936 2055 iucoepta

246 2057 334 2117 simul
356 2054 472 2127 audita,
499 2064 527 2115 δι
554 2057 685 2117 coercita.
713 2056 793 2116 Nero
819 2058 935 2118 nunciis

248 2140 343 2221 magis
368 2145 396 2197 &
421 2137 598 2209 rumoribus,
619 2135 707 2219 quim
727 2139 812 2198 armis
831 2137 936 2219 depul-

248 2234 303 2279 sus.
329 2217 408 2277 Tum
434 2217 561 2301 legiones
590 2219 767 2300 classesque,
794 2227 822 2278 &
853 2220 935 2300 quod

249 2296 314 2361 tarci
332 2298 418 2369 aliis,
440 2302 619 2379 praetorianus
638 2301 815 2381 urbanusque
834 2302 934 2373 miles,

204 2439 209 2449 ,
249 2384 283 2443 in
305 2383 396 2441 aciem
417 2380 530 2441 deducti
552 2405 559 2438 ε
581 2380 685 2441 Oriens
708 2381 933 2463 Occidensque,

250 2473 279 2523 α
293 2460 433 2545 quidquid
442 2465 527 2523 utrim
548 2484 583 2521 ue
597 2465 700 2522 virium
715 2462 753 2523 est
762 2511 774 2535 ,
792 2483 904 2546 arergo
924 2485 933 2521 r

250 2548 275 2605 si
304 2546 420 2605 ducibus
449 2545 510 2606 aliis
528 2484 677 2604 luliarum
709 2544 808 2615 foret,
841 2546 935 2629 longo

252 2625 329 2685 bello
372 2628 498 2687 materia.
536 2626 623 2685 Fuere
658 2628 709 2708 qui
745 2625 936 2707 proficiscenti

252 2705 366 2766 Othoni
387 2728 498 2778 moras,
517 2708 723 2786 religionemque
739 2712 858 2767 nondum
874 2732 936 2767 cou-

252 2793 370 2853 diturum
401 2790 534 2849 ancilium
570 2786 709 2851 afferrent.
743 2788 937 2873 Adspernarus
