2100 3650
266 236 346 362 ¹190
398 271 436 341 C.
469 272 611 342 Consi.
648 270 863 339 Taeter

271 416 354 464 esse,
367 413 423 469 qua
437 409 578 451 occurrant
595 414 605 448 .·
620 397 739 460 nollem,
757 388 787 451 δ’
801 393 908 471 ignota
921 393 956 450 si·

274 492 332 533 tum
343 474 438 543 urbis,
457 475 533 532 intus
552 472 657 553 hostes,
677 471 704 533 θ
725 480 822 533 surella
839 475 957 532 insidiis

272 573 422 629 opportuna
446 579 456 613 .·
479 576 553 623 non,
577 554 604 611 si
626 571 741 627 pateant
759 572 875 628 portua,
901 554 957 613 nisi

273 636 433 709 explorati,
452 637 510 694 nisi
528 637 571 694 die
580 656 601 705 ,·
613 635 779 693 intrandum.
804 634 855 694 An
871 658 954 709 appu·

268 717 429 795 gnationem
440 716 635 784 inchoaturos,
652 718 775 789 adempto
787 716 868 774 otnni
873 738 954 790 pros·

267 802 366 871 peliu,
394 798 455 873 quis
481 818 569 874 aquus
594 796 690 867 locus,
709 814 812 873 qitanta
835 799 952 857 altitudo

271 878 423 936 moenium?
441 879 617 938 tormentisne
633 874 661 937 e
675 880 756 948 telis,
774 900 812 937 an
828 878 952 953 operibns

272 955 401 1020 &uineis
411 961 591 1039 adgredienda
605 958 667 1019 urbs
676 960 776 1037 foret?
790 959 868 1019 Mox
883 980 949 1019 eoo-

267 1038 363 1099 'vetsus
389 1039 425 1099 ad
454 1042 601 1123 singulos,
628 1062 693 1101 num
719 1062 847 1112 secures,
874 1044 950 1101 dola·

270 1119 404 1198 beasque,
431 1118 458 1181 ἃ
486 1140 572 1181 cetera
598 1123 784 1201 expugnandis
816 1122 949 1193 urbibus,

269 1224 359 1262 secum
374 1204 557 1261 attulissent?
573 1204 725 1285 rogitabat.
738 1203 777 1263 Et
792 1224 885 1283 quum
900 1203 949 1263 ab·

269 1301 403 1353 nuerent,
425 1280 724 1363 gladiisneginquit,
752 1280 779 1343 ἃ
793 1286 870 1357 pilis
887 1308 947 1360 per·

261 1364 385 1442 fringere
401 1386 434 1422 ac
449 1364 574 1424 subruere
586 1386 676 1423 muros
689 1365 751 1423 ulla
768 1386 868 1425 manta
882 1388 947 1441 pos·

269 1449 359 1502 sunt?
375 1443 411 1500 Si
429 1468 551 1523 aggerem
563 1448 684 1527 struere,
703 1446 732 1503 si
747 1448 852 1519 pluteis
870 1450 947 1507 crati·

269 1524 353 1586 busoe
367 1528 476 1605 protegi
488 1550 594 1585 necesse
603 1528 716 1605 fuerit,
735 1545 765 1584 ut
782 1529 885 1606 vulgus
899 1531 947 1587 in·
969 1568 972 1575 ·

264 1609 428 1680 providum,
442 1609 522 1666 inriti
528 1608 682 1689 stabimus,
698 1606 876 1667 altitudinem
893 1628 945 1667 tur-

186 1745 189 1749 .
269 1688 358 1759 rium,
373 1685 502 1747 &aliene
514 1689 681 1747 munimenta
697 1690 856 1747 mirantes?
874 1690 945 1771 Quin

265 1770 360 1846 potitis
371 1772 446 1828 morti
457 1771 543 1830 nollis
556 1772 636 1830 unius
641 1816 652 1842 ,
669 1772 790 1830 advenis
805 1774 945 1831 tormentis
1013 1822 1016 1832 .

269 1853 475 1928 machinisque,
501 1853 560 1912 vim
591 1853 784 1928 villariamque
809 1848 945 1912 nobiscum

261 1933 408 2011 ferimus?
428 1933 521 1992 Simul
537 1933 607 1992 lixas
623 1933 811 2012 calonesque,
830 1954 896 1992 tum
910 1955 946 1992 re·

270 2015 436 2074 acutissimis
460 2015 614 2094 equitum,
642 2013 809 2072 Bedriacum
836 2017 944 2086 mittit,

270 2097 385 2174 copias,
404 2113 549 2174 ceteraque
567 2096 628 2154 usui
650 2095 793 2154 allaturos.

274 2181 277 2189 ’
310 2175 392 2234 ΧΧΙ.
418 2176 452 2240 ld,
474 2173 542 2236 veti>
567 2195 640 2258 aegre
668 2178 805 2236 tolerante
833 2177 943 2248 milite,

269 2277 356 2337 prope
389 2255 566 2316 seditionem
585 2275 730 2327 ventum,
762 2277 852 2338 quum
880 2278 943 2338 pro·

270 2340 358 2420 gressi
373 2340 479 2419 equites
499 2338 551 2398 sub
571 2339 632 2418 ipsa
655 2338 781 2408 moenia,
804 2359 895 2420 vagos
911 2359 942 2400 ex

270 2419 511 2480 Cremonensibus
531 2421 683 2500 corripiunt
702 2440 854 2499 :equorum
870 2420 943 2480 indi·

271 2502 317 2559 cio
330 2503 467 2572 noscitur,
480 2523 531 2560 sen
550 2501 721 2562 Vitellianas
732 2502 873 2578 legiones,
889 2523 941 2560 otn-

269 2603 379 2658 nemque
398 2583 565 2652 exercitum,
587 2584 634 2658 qui
649 2582 773 2663 Hostilia
786 2599 893 2660 egerat,
912 2603 940 2642 ea

271 2663 331 2734 ipso
346 2666 389 2721 die
408 2665 523 2741 triginta
536 2664 626 2722 millia
639 2685 771 2738 passuum
791 2685 938 2732 emensum,

269 2747 404 2822 ramperti
416 2765 525 2806 suorum
540 2744 614 2812 alode
619 2791 630 2818 ,
641 2747 671 2806 in
677 2745 806 2822 proelium
816 2745 919 2822 accingi
928 2787 939 2815 ,
