2100 3650
230 304 298 389 156
356 298 393 367 C.
422 300 573 369 Coun.
605 302 807 370 Tacina

226 419 424 486 Dalmaticum
446 421 567 480 militem
586 438 713 492 traxere,
732 440 817 501 quam
839 441 909 485 uam

228 500 419 561 consularibus
429 502 531 583 legatis
543 498 615 560 nihil
625 502 811 561 turbantibus.
852 506 910 565 irus

225 582 346 660 Ampius
370 582 520 641 Flavianus
541 582 744 652 Pannoniam,
773 583 911 722 Poppaeus

227 662 369 729 Silvanus,
391 663 568 724 Dalmatiam
611 663 774 735 tenebant,
825 666 910 727 ivites

225 762 313 802 senes.
344 743 400 803 Sed
432 738 596 824 procurator
626 744 722 805 aderat
753 743 909 808 Cornelius

226 822 353 895 fuscus,
377 826 476 907 vigens
497 844 599 895 aetate,
626 825 706 885 claris
730 826 871 891 natalibus
897 850 908 885 ι

171 974 173 978 .
227 903 319 984 primi
348 903 483 984 juventi,
512 908 614 987 quietis
639 904 797 986 cupidine,
823 928 910 967 atna-

227 987 332 1043 torium
368 987 497 1050 ordinem
535 1006 659 1047 exsuerat
695 1010 705 1045 ι
740 986 816 1047 idem
852 1008 911 1067 pro

228 1065 323 1126 Galba
338 1065 394 1126 dux
414 1068 532 1127 coloniae
549 1089 602 1129 suae
613 1113 622 1139 ‚
635 1065 820 1148 eisqucoperi¹
832 1090 908 1148 pto·

227 1149 403 1208 curationem
427 1148 561 1227 adeptus,
582 1151 712 1229 susceptis
735 1150 910 1229 Vespasiani

225 1228 369 1307 partibus,
392 1232 557 1290 acerrimam
581 1228 659 1289 bello
680 1226 772 1299 facem
799 1250 910 1310 pratu.-

227 1308 281 1380 lit3
299 1332 358 1369 non
378 1329 437 1369 tam
455 1312 575 1391 praemiis
591 1310 799 1390 periculorum,
817 1310 910 1392 quint·

227 1390 294 1469 ipsis
316 1392 445 1470 periculis
466 1394 566 1451 latus:
590 1412 639 1471 pro
664 1393 765 1463 certis,
783 1401 811 1451 δι
832 1393 909 1455 olim

226 1472 335 1549 partis,
360 1493 453 1542 nova,
480 1474 637 1555 ambigua,
658 1474 791 1553 ancipitia
814 1474 911 1534 male-

226 1550 285 1611 bat.
308 1551 397 1634 Igitur
418 1556 533 1614 mover'e
552 1563 579 1615 &
603 1573 734 1634 quatere,
763 1553 909 1635 quidquid

226 1653 346 1713 usquam
363 1655 470 1716 aegrum
492 1632 581 1705 foret,
600 1634 806 1717 adgrediuntur.
830 1636 909 1699 Scri-

226 1732 281 1794 ptae
305 1716 335 1775 in
362 1714 537 1778 Britanniam
557 1714 594 1775 ad
619 1715 909 1796 quartadecimanos,

225 1796 257 1857 in
272 1794 442 1877 Hispaniam
455 1796 492 1858 ad
509 1798 653 1877 primanos
670 1794 808 1877 epillolae;
824 1796 910 1878 quod

226 1896 287 1937 utra
309 1899 343 1936 ue
358 1878 437 1961 legio
454 1899 506 1958 pro
523 1875 664 1948 Othone,
684 1878 798 1938 adversa
809 1879 911 1942 Vitel-

224 1959 265 2017 lio
288 1899 377 2018 iuerat
392 1983 401 2016 ι
415 1977 581 2042 sparguntur
596 1981 644 2040 per
662 1960 770 2022 Gallias
784 1961 909 2034 litterae

225 2059 433 2120 momentoque
462 2041 596 2120 temporis
632 2040 770 2124 flagrabat
802 2043 905 2124 ingens

224 2120 360 2188 bellum,
387 2121 504 2201 illyricis
530 2121 696 2181 exercitibus
720 2123 814 2202 palam
845 2123 909 2186 des-

225 2201 411 2271 ciscentibus,
430 2203 525 2261 ceteris
542 2202 689 2264 fortunam.
699 2206 838 2264 secuturis.

265 2280 446 2341 LXXXVII.
462 2283 541 2342 Dum
560 2281 640 2354 haec,
659 2304 708 2364 per
727 2285 906 2364 provinciasg,

224 2384 243 2423 a
260 2363 437 2441 Vespasiano
456 2363 628 2444 ducibusque
651 2367 773 2443 partium
797 2387 910 2447 gerun-

222 2462 283 2515 tut3
296 2444 428 2504 Vitellius
441 2447 640 2528 comtemptiot
652 2447 683 2506 in
693 2446 752 2505 dies
766 2449 903 2528 segnior-

224 2545 301 2604 que,
326 2524 363 2584 ad
389 2546 488 2596 omnes
509 2527 728 2606 municipiorum
751 2527 906 2588 villarum-

222 2626 278 2688 que
306 2607 484 2674 emunitates
510 2605 658 2676 resistens,
690 2610 771 2689 gravi
800 2610 902 2670 urbem

219 2687 335 2767 agmine
351 2686 470 2765 petebat.
486 2688 639 2770 Sexaginta
657 2689 747 2748 millia
766 2709 902 2750 armato-

219 2766 604 2853 numaequebautmlicentii
614 2787 742 2855 corrupta
750 2770 902 2834 umanum
