2100 3650
234 262 544 329 HISTORIARUM
560 254 729 325 Lmlll.
768 277 835 344 207

159 396 253 439 manu
276 397 411 459 poterat,
440 378 552 437 etiamsi
578 373 713 437 fidissima
738 374 837 459 foret,

160 481 217 519 nec
241 462 381 544 integram
399 457 486 518 fidem
502 456 659 519 attulerant.
674 451 769 517 Pudor
788 476 836 517 ta-

160 562 252 613 men,
269 550 311 602 .&
337 542 479 621 praesentis
501 538 579 599 ducis
596 540 748 599 reverentia
767 558 837 597 rno-

159 623 301 693 rabano,
321 619 399 682 haud
419 620 549 681 diuturna
565 620 678 681 vincula
692 619 766 701 apud
780 622 839 679 avi-

160 703 218 764 dos
246 704 463 783 periculorum,
490 700 684 763 &dedecoris
717 722 838 763 securos.

159 784 211 845 Eo
233 803 330 857 metu,
352 793 381 845 dr
400 784 517 864 paucis,
540 802 612 864 quos
635 781 750 843 adversa
776 805 837 844 non

159 884 362 935 mutaverant,
378 863 597 936 comitantibus,
619 862 748 923 cohortes
763 863 834 924 Ari-

164 948 279 1006 minum
293 948 436 1027 praemirtit
451 967 458 1003 r
479 946 555 1005 alam
571 945 641 1005 tueri
653 964 728 1025 terga
738 945 837 1025 jubete

158 1029 224 1108 ipse
239 1030 315 1087 flexit
335 1030 365 1088 in
379 1026 553 1097 Umbriam,
573 1046 657 1109 atque
671 1026 737 1086 iude
753 1026 837 1089 Etru-

159 1110 237 1169 riam
259 1131 269 1179 3
298 1110 348 1169 ubi
368 1111 487 1191 cognito
508 1128 610 1190 pugnae
634 1106 838 1169 Cremonensis

158 1209 291 1260 eventu,
319 1212 379 1251 non
400 1192 555 1271 ignavum,
575 1197 624 1260 dc,
645 1190 669 1248 si
686 1192 834 1269 provenis·

159 1290 226 1343 set,
244 1290 323 1331 atrox
341 1273 490 1331 consilium
502 1271 588 1341 iniit,
607 1288 638 1329 ut
653 1290 711 1329 arte
731 1272 765 1330 tis
778 1292 834 1331 na-

157 1351 269 1425 vibus,
292 1354 324 1413 in
348 1371 557 1435 quamcumque
585 1370 692 1431 partem
712 1291 836 1413 liutbo-

158 1436 257 1495 nensis
283 1435 434 1514 provinciae
465 1452 620 1516 egressus,
646 1432 784 1504 Gallias,
808 1443 837 1495 δι

159 1516 320 1587 exercitus,
340 1524 368 1576 dr
390 1514 552 1576 Germaniae
576 1533 695 1597 gentes,
717 1536 838 1577 novum·

159 1618 219 1679 que
246 1596 352 1657 bellum
373 1597 466 1657 cieret.

204 1677 298 1741 XLll.
316 1678 451 1759 Digresso
468 1678 610 1747 Valente,
629 1675 769 1756 trepidos,
787 1680 838 1759 qui

138 1808 141 1813 ,
159 1758 327 1820 Ariminum
353 1759 514 1832 tenebant,
539 1757 690 1820 Cornelius
709 1758 837 1834 Fuscus,

160 1841 283 1904 admoto
307 1844 452 1913 exercitu,
473 1851 500 1902 δι
527 1842 620 1900 missis
640 1860 688 1920 per
708 1841 839 1920 proxima

159 1923 291 1984 littorum
323 1923 504 1993 Liburnicis,
530 1920 601 1982 terri
623 1923 695 1980 mari
717 1941 751 1980 ue
778 1923 836 1982 cir-

160 2005 316 2064 cumvenit.
350 2003 534 2085 Occupantut
565 2003 649 2084 plana
682 1943 839 2079 tlmbriae,

160 2095 193 2147 δι
213 2085 272 2168 qud
285 2085 404 2146 Picenus
420 2106 490 2169 ager
506 2083 596 2146 Adria
614 2083 753 2144 adluitur:
767 2105 836 2144 onr-

160 2168 264 2249 nisque
286 2165 369 2227 Italia
388 2168 461 2226 inter
476 2167 536 2226 Ver
556 2167 683 2226 asianum
698 2187 730 2226 ac
743 2166 837 2228 Vitel-

161 2249 236 2308 lium
262 2247 408 2328 Apennini
434 2249 508 2342 jugis
529 2187 711 2308 dividebatur.
734 2247 838 2310 Fabius

161 2330 298 2401 Valens,
321 2349 338 2386 e
359 2331 422 2390 sinu
442 2329 565 2400 Pisano,
591 2326 712 2412 segnitia
730 2332 815 2388 maris
826 2375 838 2402 ,

161 2431 214 2472 aut
231 2411 394 2471 adversante
420 2429 507 2471 vento
526 2409 681 2482 ,Portum
708 2408 840 2474 Herculis

160 2493 295 2557 Monoeci
325 2491 471 2572 depellitur
497 2515 504 2549 r
536 2488 613 2551 haud
648 2491 744 2572 procul
770 2491 838 2552 inde

160 2574 269 2657 agebat
285 2573 396 2634 Manus
415 2573 564 2643 Maturus,
583 2571 701 2652 Alpium
722 2575 837 2632 mariti·

121 2691 124 2699 ·
160 2675 274 2715 marum
296 2672 477 2736 procurator,
497 2653 570 2714 fidus
590 2653 735 2724 Vitellio,
760 2659 839 2734 cujus

160 2755 398 2811 sacramentruu,
427 2738 535 2798 cunctis
562 2731 636 2796 circi
661 2733 837 2810 hostilibus,
