2100 3650
197 336 520 404 maronianum.
538 330 622 401 lis.
640 330 691 399 ΙΙ.
721 349 792 401 121'

108 474 296 535 eompertum.
311 453 431 513 Omisso
443 472 544 536 pugna
557 452 673 523 ardore,
688 449 792 513 Otho-v

108 538 191 597 niani
206 537 281 595 ultro
302 537 475 604 salutavere3
489 543 517 593 &
538 531 632 593 hostili
645 552 789 592 murmure

108 620 239 698 excepti,
264 616 402 697 plerisque
428 635 543 674 suorum
570 617 695 698 ignaris,
723 634 785 693 quac

109 720 195 758 eausa
208 698 367 768 salutandi,
383 703 490 755 metum
501 695 670 776 proditionis
684 695 793 757 fecere..

107 779 190 839 Tum
202 780 330 839 incubuit
343 775 465 837 bostium
485 779 579 847 acies,
599 781 656 838 inte
678 781 714 837 ris
734 801 787 838 or·

110 861 246 930 dinibus,
278 861 380 919 robore
407 868 436 919 &
456 880 573 917 numero
608 880 661 940 prae
703 862 788 925 otior.

109 939 274 1001 Othoniani
287 960 463 1023 quamquam
475 940 608 1019 dispersi,
622 944 766 1022 pauciores
776 990 789 1016 ,

109 1021 200 1093 fessi,
220 1023 349 1102 proelium
373 1041 469 1082 tamen
491 1024 589 1081 acriter
613 1044 753 1102 sumpsere
778 1048 789 1083 c

109 1114 138 1165 δι
158 1124 208 1184 per
227 1104 306 1164 locos
328 1104 474 1164 arboribus
497 1124 530 1163 ac
547 1106 636 1164 vineis
661 1106 787 1184 impedi-

109 1205 173 1256 tos,
186 1206 246 1245 non
264 1206 320 1245 rma
331 1206 431 1269 pugnae
442 1183 529 1245 facies
542 1208 550 1241 t
567 1188 696 1245 cominus
707 1190 785 1247 emi-

108 1286 239 1347 nusque,
256 1270 372 1328 catervis
391 1277 419 1327 &
439 1268 533 1326 cuneis
551 1268 753 1327 concurrebant
777 1292 786 1328 t

108 1350 140 1409 in
159 1368 264 1431 aggere
286 1350 338 1409 viae
361 1350 466 1409 collato
486 1346 599 1441 gradu,
626 1350 789 1428 corporibus

110 1439 139 1490 δι
156 1430 328 1489 umbonibus
345 1431 416 1501 nin,
436 1450 543 1489 omisso
560 1430 681 1509 pilorum
693 1435 787 1508 jacin,

110 1510 215 1596 gladiis
231 1520 259 1571 δι
277 1513 417 1571 securibus
438 1511 532 1593 galeas
547 1510 705 1592 loricasque
725 1534 789 1591 per-

108 1613 238 1673 rumpere
259 1615 266 1650 :
280 1610 425 1652 noscentes
444 1594 515 1651 inter
529 1612 578 1661 se,
589 1594 685 1653 ceteris
697 1615 784 1655 cons-

111 1677 212 1757 picui,
233 1675 265 1732 in
284 1693 415 1733 eventum
436 1676 523 1733 totius
539 1674 610 1732 belli
634 1676 787 1737 certabant.
871 1742 878 1759 ,

152 1755 261 1816 XLlll.
292 1756 375 1815 forte
398 1758 471 1815 inter
492 1754 602 1815 Padum
632 1757 789 1837 viamque,

111 1840 221 1922 patenti
247 1858 371 1918 campo,
399 1838 459 1897 duae
482 1837 609 1920 legiones
633 1859 788 1921 congressae

111 1940 178 1982 sunt
208 1943 216 1976 t
244 1939 294 1999 pro
323 1921 444 1979 Vitellio
470 1919 711 1991 unoetvicesima,
741 1924 788 1982 cui

66 1996 69 2005 ¹
112 2021 277 2085 cognomen
291 2000 411 2076 Rapaci,
429 2020 520 2060 vetere
538 1995 629 2082 glori&
647 2002 765 2084 insignis
775 2025 787 2072 3

111 2107 127 2144 e
156 2101 233 2162 parte
255 2079 404 2153 Othonis,
432 2084 522 2161 prima
551 2081 701 2162 Adjutrix,
728 2105 788 2146 non

111 2166 179 2226 ante
193 2166 225 2222 in
237 2164 327 2222 aciem
338 2164 474 2233 deducta,
492 2162 542 2224 sed
557 2161 656 2234 ferox,
674 2172 701 2223 δι
717 2168 787 2226 novi

111 2247 222 2307 decoris
238 2245 330 2306 avida.
350 2245 495 2316 Primani,
518 2242 608 2304 stratis
628 2247 787 2306 unaetvice-

76 2376 81 2382 -
109 2331 285 2390 simanotum
302 2328 467 2408 principiis,
486 2327 613 2408 aquilam
629 2324 763 2386 abstulere
778 2349 788 2386 a

111 2431 170 2492 quo
187 2408 286 2468 dolote
305 2429 422 2469 accensa
436 2409 532 2490 legio,
550 2417 576 2468 δι
595 2408 708 2486 impulit
724 2429 786 2468 tur-

111 2513 159 2552 sus
180 2492 344 2571 primanos,
366 2489 514 2550 interfer
537 2486 680 2568 Orphidio
701 2487 788 2548 Beni·

111 2594 171 2656 gno
194 2572 311 2664 leg'ato,
335 2580 362 2631 δι
383 2571 503 2651 plurima
525 2571 606 2654 signa
628 2569 787 2650 vexillaque

110 2675 144 2714 ex
162 2650 289 2712 hostibus
306 2654 406 2732 rapuit
422 2655 451 2712 A
467 2670 544 2732 parte
562 2651 636 2720 alia,
658 2653 788 2730 propulsa

110 2737 315 2816 quintanorum
334 2735 442 2813 impetu
462 2733 653 2793 tertiadecima
678 2733 753 2814 legio
778 2757 788 2794 t

108 2817 303 2957 cncpmveqqil
319 2816 441 2897 plurium
467 2835 584 2877 accursu
610 2814 788 2953 quprtadeci-

178 2920 231 2958 om.
301 2940 309 2958 .
