2100 3650
203 309 515 380 HrsronrAnurr
531 311 615 379 Lm.
633 310 702 383 ΙΙΙ.
742 333 809 400 209

175 427 286 488 XLIV.
301 427 398 509 Capto
409 429 552 500 Valente,
576 431 676 489 cuncta
694 426 730 490 ad
745 431 809 489 vic-

134 511 205 568 toris
219 528 287 589 opes
301 518 449 581 conversa,
463 512 550 570 initio'
571 531 619 590 per
640 510 811 590 Hispaniam

134 592 280 670 aprima
308 591 453 670 Adjutrice
483 593 596 672 legione
624 610 718 663 otto,
748 609 810 674 que

129 663 275 731 inemori&
300 669 450 742 Othonis,
472 671 581 733 infensa
600 673 743 744 Vitellio,
762 673 810 733 do-

135 755 242 812 cimam
261 774 376 834 quoque
389 773 423 812 ac
437 773 543 813 sextam
557 756 648 814 traxit.
662 753 810 831 NecsGal-

128 834 180 892 liae
200 834 408 894 cunctabantur.
426 835 466 894 Et
481 836 676 908 Britanniam,
689 835 809 917 inclytus

134 934 203 996 erga
221 916 430 994 Vespasianum
454 913 556 986 favor,
579 915 658 998 qubd
680 917 738 976 illic
760 938 807 976 se-

132 994 232 1056 cundae
257 996 366 1078 legioni
388 994 555 1057 aclaudio
577 999 759 1078 prepositus,
782 1007 810 1058 δε

134 1075 211 1134 bello
235 1077 323 1136 clarus
346 1096 462 1159 egerat,
487 1099 545 1137 non
566 1081 625 1138 sine
646 1097 726 1137 motu
751 1078 807 1139 ad·

127 1159 225 1236 junxit
235 1177 405 1228 ceterarum,
427 1160 579 1240 inquibus
603 1159 725 1240 plerique
742 1179 809 1218 cen-

135 1239 258 1298 turiones
284 1260 319 1300 ac
346 1240 449 1299 milites
478 1262 495 1299 a
521 1241 642 1299 Vitellio
664 1243 809 1318 provecti,

128 1337 282 1400 expertum.
298 1325 358 1399 jam
379 1323 533 1400 principem
553 1323 630 1380 anxii
650 1321 811 1384 mutabant.

173 1401 269 1462 XLV.
297 1401 342 1463 Er
369 1401 530 1475 discordia,
561 1411 589 1462 &
616 1403 717 1462 crebris
738 1402 808 1463 belli

133 1483 225 1544 civilis
243 1483 424 1554 rumoribus,
443 1484 572 1543 Britanni
593 1482 721 1543 sustulere
746 1487 809 1544 ani-

133 1583 219 1634 mos,
241 1567 353 1625 auclore
367 1566 496 1625 Venusio
518 1588 526 1622 r
546 1567 595 1647 qui
606 1586 684 1645 super
693 1567 807 1626 insitam

134 1643 300 1718 ferociam,
327 1655 355 1707 &
386 1646 512 1713 Romani
539 1649 663 1708 nominis
685 1645 809 1720 odium,

133 1729 252 1808 propriis
282 1726 588 1789 i'n'Cartismanduam
610 1728 737 1811 reginam
759 1726 809 1787 sti-

52 1884 57 1889 ,
128 1809 220 1871 mulis
234 1809 444 1873 accendebatur.
460 1809 680 1872 Cartismandua
692 1809 810 1893 Brigan-

132 1889 209 1952 tibus
231 1893 434 1973 imperitabat,
455 1892 564 1975 pollens
584 1892 733 1953 nobilitate
754 1915 761 1949 ε
781 1901 810 1953 &

133 1994 249 2035 auxerat
278 1977 454 2055 potentiam,
486 1972 634 2055 postquam
655 1992 738 2055 capto
762 1992 810 2055 pet

130 2053 235 2115 dolum
253 2076 318 2137 rege
336 2056 511 2127 Caraeaco,
530 2054 687 2116 instruxisse
708 2056 809 2115 trium·

127 2134 224 2218 phum
256 2136 373 2199 Claudii
408 2138 527 2198 Caesaris
557 2138 713 2198 videbatur.
738 2136 809 2198 Inde

129 2238 224 2297 opes,
242 2227 270 2278 ὅ(
287 2240 378 2278 rerum
400 2218 581 2280 secundarum
604 2220 683 2279 luxus
696 2240 703 2275 z
716 2238 807 2297 spreto

75 2300 80 2309 '
134 2300 265 2359 Venusio
292 2302 345 2372 (is
374 2298 428 2359 fuit
458 2302 603 2376 maritus)
638 2300 809 2380 armigerum

127 2384 217 2459 ejus,
238 2382 442 2452 Vellocatum,
466 2384 495 2441 in
518 2382 732 2441 matrimonium
759 2401 807 2438 re-

156 2482 278 2544 numque
292 2465 407 2542 accepit.
422 2462 570 2523 Concussa
589 2461 681 2521 statim
698 2462 808 2543 flagitio

134 2484 247 2603 lomus.
271 2545 325 2603 Pro
348 2546 449 2603 marito
469 2542 559 2603 studia
588 2542 734 2611 civitatis3
757 2562 808 2621 pro

134 2624 263 2684 adultero
280 2624 369 2686 libido
387 2627 514 2708 reginae,
543 2633 570 2685 δι
588 2625 702 2686 saevitia.
720 2623 811 2705 igitur

133 2707 276 2766 Venutius
298 2708 393 2768 accitis
417 2708 549 2778 auxiliis,
573 2706 657 2767 simul
683 2707 807 2785 ipsorum

130 2787 301 2873 Brigantum
319 2788 498 2862 defectione,
520 2790 552 2851 iu
573 2806 728 2851 extremum
745 2786 809 2851 diss
