2100 3650
260 320 329 385 106
356 315 419 386 ··C.
446 314 597 389 Gonu.
628 320 828 387 TAcrrr

254 434 384 519 prospere
409 443 601 519 pugnatum:
634 448 768 518 namque·
785 448 935 519 promptus

254 519 347 578 animi
362 517 483 577 Martius
499 520 669 580 transversos
682 520 800 582 nauibus
814 520 931 602 gladia·-

254 617 349 669 rores,
376 600 406 657 in
428 597 574 659 adversam
595 598 666 661 Padi
686 602 776 679 ripam
788 646 800 670 ,
819 621 933 681 repente

255 676 364 739 effudit.
382 678 509 739 Turbata
522 680 565 739 ibi
579 680 799 741 Vitellianorum
808 682 932 755 auxilia,

226 768 231 776 ’
254 769 284 821 &
310 762 406 820 cereris
431 760 607 823 Cremonam
636 760 837 845 fugientibus,
869 763 934 823 caesi

226 840 229 850 '
255 842 307 921 qui
329 838 481 901 restiterant
503 842 580 903 :sed
606 845 934 921 repressusvintentium

254 922 393 1002 impetus,
412 944 447 983 ne
465 926 546 985 novis
562 922 692 983 subsidiis
703 922 806 988 firmati
818 922 931 995 hostes,

255 1002 399 1066 fortunam
424 1004 514 1084 proelii
537 1023 684 1065 mutarent.
712 1004 874 1085 Suspebium
899 1005 932 1067 id

255 1080 431 1163 Othonianis
445 1083 516 1155 fuit,
536 1088 634 1151 omnia
653 1106 834 1167 quacumque
853 1084 932 1147 fasta

236 1165 340 1249 -pravb
356 1163 562 1227 aestimantibus.
584 1166 747 1237 Certatim,
766 1186 797 1229 ut
813 1168 932 1249 quisque

253 1248 354 1309 animo
368 1249 502 1329 ignavus,
519 1267 621 1327 procax
634 1270 699 1319 ote,
713 1250 840 1309 Annium
852 1248 931 1311 Gal-

254 1328 335 1400 lum,
365 1338 392 1387 &
419 1329 584 1389 Suetonium
603 1330 784 1399 Pauiiinum,
804 1338 832 1389 δι
855 1330 930 1407 Ma-

252 1410 329 1472 1ium
346 1408 463 1470 Celsum
478 1415 569 1482 (nam
582 1431 629 1471 eos
643 1408 725 1470 Otho
736 1431 849 1503 quoque
859 1431 932 1490 prae-

254 1488 398 1565 fecerat)
432 1492 515 1551 variis
553 1492 716 1553 criminibus
746 1492 932 1555 incessebant.

255 1570 401 1631 Acerrima
419 1570 588 1631 seditionum
609 1594 642 1632 ac
662 1571 806 1632 discordie
828 1573 934 1633 incita·

253 1672 377 1723 menta,
397 1652 586 1725 interfeciores
615 1653 715 1715 Galbae
740 1676 750 1711 z
778 1653 876 1723 scelere
904 1664 936 1715 &

254 1754 336 1794 metu-
358 1732 510 1804 vecordes‚
541 1736 656 1793 miscere
688 1737 808 1805 euntia,
840 1733 933 1795 modb

253 1817 351 1897 palam
364 1814 481 1890 turbidis
491 1816 633 1886 ¹vocibus,
656 1814 744 1876 modo
763 1816 879 1882 occultis
894 1816 934 1878 ad

256 1895 406 1958 Othonem
424 1898 522 1957 litteris
547 1921 554 1955 z
580 1899 630 1978 qui
645 1894 807 1980 humillimo
830 1899 933 1978 cuique

252 1980 406 2048 medabus,
439 1977 532 2038 bonos
562 1997 711 2051 metuens,
747 1978 931 2058 trepidabat,

165 2116 167 2121 .
255 2060 337 2120 rebus
357 2061 491 2140 prosperis
514 2060 651 2132 incertus,
673 2068 701 2120 &
722 2060 793 2120 inter
814 2057 932 2120 adversa

254 2141 365 2199 melior.
378 2139 467 2222 Igitur
477 2139 643 2212 Titianum,
661 2139 774 2202 fratrem
787 2142 908 2200 accitum
922 2185 934 2212 ,

215 2261 218 2265 -
254 2220 333 2280 bello
351 2223 507 2302 praeposuit.
522 2219 651 2292 Interea,
667 2222 790 2283 Paulini
804 2229 832 2282 &
853 2221 936 2284 Celsi

254 2300 362 2374 duciu,
380 2322 422 2361 res
433 2304 551 2384 egregiae
570 2299 661 2385 gestae.
874 2317 876 2321 '

294 2382 408 2442 XXIV.
431 2383 586 2466 Angebant
610 2381 781 2454 Caecinam,
811 2383 937 2464 nequid-

248 2486 342 2562 ¹apuam
367 2466 466 2524 omnia
490 2483 600 2545 coepta,
622 2473 809 2524 &senescens
830 2467 935 2524 exerci-

254 2565 298 2606 tus
310 2547 351 2605 sui
362 2544 440 2606 fama
453 2569 460 2602 ι
475 2545 568 2627 pulsus
579 2543 744 2614 Placentia,
757 2546 832 2606 caesis
845 2566 935 2625 nuper

253 2628 387 2699 auxiliis,
410 2628 497 2688 etiarn
517 2646 565 2705 per
585 2645 748 2686 concursum
772 2626 934 2706 explorato-

253 2728 337 2775 rum,
357 2707 451 2767 crebta
469 2708 562 2790 magis
573 2704 658 2788 quim
673 2703 759 2788 digna
772 2727 933 2768 memoratu

252 2789 350 2872 proelia
368 2833 382 2860 ,
409 2787 525 2850 inierim
545 2811 555 2860 3
595 2790 799 2870 propinquante
818 2787 934 2848 fabro
