<?xml version="1.0" encoding="UTF-8"?>
<!DOCTYPE html PUBLIC "-//W3C//DTD XHTML 1.0 Transitional//EN"
    "http://www.w3.org/TR/xhtml1/DTD/xhtml1-transitional.dtd">
<html xmlns="http://www.w3.org/1999/xhtml" xml:lang="en" lang="en">
 <head>
  <title>
</title>
<meta http-equiv="Content-Type" content="text/html;charset=utf-8" />
  <meta name='ocr-system' content='tesseract 3.04.00' />
  <meta name='ocr-capabilities' content='ocr_page ocr_carea ocr_par ocr_line ocrx_word'/>
</head>
<body>
  <div class='ocr_page' id='page_1' title='image "./ccorneliitaciti00lallgoog_0340.png"; bbox 0 0 2100 3650; ppageno 0'>
   <div class='ocr_carea' id='block_1_1' title="bbox 256 305 823 401">
    <p class='ocr_par' dir='ltr' id='par_1_1' title="bbox 256 305 823 401">
     <span class='ocr_line' id='line_1_1' title="bbox 256 305 823 401; baseline -0.002 -22"><span class='ocrx_word' id='word_1_1' title='bbox 256 336 322 401; x_wconf 83' lang='lat'><em>332</em></span> <span class='ocrx_word' id='word_1_2' title='bbox 377 308 414 381; x_wconf 82' lang='lat' dir='ltr'><em>C.</em></span> <span class='ocrx_word' id='word_1_3' title='bbox 443 310 590 381; x_wconf 65' lang='grc' dir='ltr'><em>ΟΜΝ.</em></span> <span class='ocrx_word' id='word_1_4' title='bbox 621 305 823 380; x_wconf 70' lang='lat' dir='ltr'><em>TACITI</em></span> 
     </span>
    </p>
   </div>
   <div class='ocr_carea' id='block_1_2' title="bbox 182 428 1009 2780">
    <p class='ocr_par' dir='ltr' id='par_1_2' title="bbox 182 428 941 1565">
     <span class='ocr_line' id='line_1_2' title="bbox 253 428 930 509; baseline -0.007 -18"><span class='ocrx_word' id='word_1_5' title='bbox 253 433 383 503; x_wconf 84' lang='lat' dir='ltr'><em>luminis,</em></span> <span class='ocrx_word' id='word_1_6' title='bbox 397 428 424 493; x_wconf 66' lang='lat' dir='ltr'>u</span> <span class='ocrx_word' id='word_1_7' title='bbox 436 432 600 501; x_wconf 70' lang='lat' dir='ltr'><em>redituum,</em></span> <span class='ocrx_word' id='word_1_8' title='bbox 612 432 641 489; x_wconf 88' lang='lat' dir='ltr'><em>si</em></span> <span class='ocrx_word' id='word_1_9' title='bbox 650 428 930 509; x_wconf 76' lang='lat' dir='ltr'><em>pellerenturobslan-</em></span> 
     </span>
     <span class='ocr_line' id='line_1_3' title="bbox 254 511 933 586; baseline -0.004 -15"><span class='ocrx_word' id='word_1_10' title='bbox 254 514 297 571; x_wconf 88' lang='lat' dir='ltr'><em>tia</em></span> <span class='ocrx_word' id='word_1_11' title='bbox 307 538 316 571; x_wconf 95' lang='lat'><em>:</em></span> <span class='ocrx_word' id='word_1_12' title='bbox 327 514 373 571; x_wconf 88' lang='lat' dir='ltr'><em>illi</em></span> <span class='ocrx_word' id='word_1_13' title='bbox 383 513 491 586; x_wconf 81' lang='lat' dir='ltr'><em>elapsos</em></span> <span class='ocrx_word' id='word_1_14' title='bbox 501 512 532 569; x_wconf 85' lang='lat' dir='ltr'><em>in</em></span> <span class='ocrx_word' id='word_1_15' title='bbox 540 533 658 586; x_wconf 76' lang='lat' dir='ltr'><em>pravum</em></span> <span class='ocrx_word' id='word_1_16' title='bbox 666 530 759 581; x_wconf 78' lang='lat' dir='ltr'><em>anus,</em></span> <span class='ocrx_word' id='word_1_17' title='bbox 771 512 800 569; x_wconf 86' lang='lat' dir='ltr'><em>si</em></span> <span class='ocrx_word' id='word_1_18' title='bbox 808 511 933 570; x_wconf 83' lang='lat' dir='ltr'><em>salubris</em></span> 
     </span>
     <span class='ocr_line' id='line_1_4' title="bbox 254 592 935 671; baseline -0.006 -16"><span class='ocrx_word' id='word_1_19' title='bbox 254 596 300 655; x_wconf 79' lang='lat' dir='ltr'><em>vis</em></span> <span class='ocrx_word' id='word_1_20' title='bbox 320 592 494 663; x_wconf 75' lang='lat' dir='ltr'><em>adhibeatur,</em></span> <span class='ocrx_word' id='word_1_21' title='bbox 507 615 590 665; x_wconf 86' lang='lat' dir='ltr'><em>posse</em></span> <span class='ocrx_word' id='word_1_22' title='bbox 602 593 744 671; x_wconf 79' lang='lat' dir='ltr'><em>integrari.</em></span> <span class='ocrx_word' id='word_1_23' title='bbox 762 592 799 651; x_wconf 89' lang='lat' dir='ltr'><em>ld</em></span> <span class='ocrx_word' id='word_1_24' title='bbox 805 592 935 669; x_wconf 78' lang='lat' dir='ltr'><em>sonasse</em></span> 
     </span>
     <span class='ocr_line' id='line_1_5' title="bbox 219 670 938 755; baseline -0.003 -22"><span class='ocrx_word' id='word_1_25' title='bbox 219 727 238 741; x_wconf 34' lang='grc' dir='ltr'><em>κ</em></span> <span class='ocrx_word' id='word_1_26' title='bbox 254 676 328 733; x_wconf 84' lang='lat' dir='ltr'><em>cordi</em></span> <span class='ocrx_word' id='word_1_27' title='bbox 347 674 427 745; x_wconf 84' lang='lat' dir='ltr'><em>deis,</em></span> <span class='ocrx_word' id='word_1_28' title='bbox 448 670 475 735; x_wconf 65' lang='grc' dir='ltr'><strong>ἃ</strong></span> <span class='ocrx_word' id='word_1_29' title='bbox 497 670 596 733; x_wconf 79' lang='lat' dir='ltr'><em>divino</em></span> <span class='ocrx_word' id='word_1_30' title='bbox 614 673 760 755; x_wconf 72' lang='lat' dir='ltr'><em>ministerio</em></span> <span class='ocrx_word' id='word_1_31' title='bbox 778 674 938 747; x_wconf 81' lang='lat' dir='ltr'><em>principem</em></span> 
     </span>
     <span class='ocr_line' id='line_1_6' title="bbox 254 754 939 832; baseline -0.007 -15"><span class='ocrx_word' id='word_1_32' title='bbox 254 756 363 817; x_wconf 69' lang='lat' dir='ltr'><em>cladium</em></span> <span class='ocrx_word' id='word_1_33' title='bbox 390 778 400 811; x_wconf 92' lang='lat'><em>:</em></span> <span class='ocrx_word' id='word_1_34' title='bbox 425 756 538 830; x_wconf 82' lang='lat' dir='ltr'><em>denique</em></span> <span class='ocrx_word' id='word_1_35' title='bbox 557 754 666 828; x_wconf 84' lang='lat' dir='ltr'><em>patrari</em></span> <span class='ocrx_word' id='word_1_36' title='bbox 684 755 795 813; x_wconf 78' lang='lat' dir='ltr'><em>remedii</em></span> <span class='ocrx_word' id='word_1_37' title='bbox 813 754 939 832; x_wconf 73' lang='lat' dir='ltr'><em>gloriam</em></span> 
     </span>
     <span class='ocr_line' id='line_1_7' title="bbox 250 833 940 911; baseline -0.001 -17"><span class='ocrx_word' id='word_1_38' title='bbox 250 858 333 911; x_wconf 83' lang='lat' dir='ltr'><em>penes</em></span> <span class='ocrx_word' id='word_1_39' title='bbox 354 838 503 907; x_wconf 69' lang='lat' dir='ltr'><em>Caesarem,¹</em></span> <span class='ocrx_word' id='word_1_40' title='bbox 524 836 606 893; x_wconf 83' lang='lat' dir='ltr'><em>inriti</em></span> <span class='ocrx_word' id='word_1_41' title='bbox 620 833 765 897; x_wconf 81' lang='lat' dir='ltr'><em>ludibrium</em></span> <span class='ocrx_word' id='word_1_42' title='bbox 778 835 866 910; x_wconf 76' lang='lat' dir='ltr'><em>penei</em></span> <span class='ocrx_word' id='word_1_43' title='bbox 884 835 940 893; x_wconf 87' lang='lat' dir='ltr'><em>mi·</em></span> 
     </span>
     <span class='ocr_line' id='line_1_8' title="bbox 239 914 939 999; baseline -0.006 -22"><span class='ocrx_word' id='word_1_44' title='bbox 239 938 329 992; x_wconf 53' lang='lat' dir='ltr'><em>„seros</em></span> <span class='ocrx_word' id='word_1_45' title='bbox 339 916 412 993; x_wconf 86' lang='lat' dir='ltr'><em>fore.</em></span> <span class='ocrx_word' id='word_1_46' title='bbox 433 916 522 999; x_wconf 84' lang='lat' dir='ltr'><em>Igitur</em></span> <span class='ocrx_word' id='word_1_47' title='bbox 539 914 732 995; x_wconf 79' lang='lat' dir='ltr'>Vespasianus</span> <span class='ocrx_word' id='word_1_48' title='bbox 752 918 854 974; x_wconf 63' lang='lat' dir='ltr'><em>cundia</em></span> <span class='ocrx_word' id='word_1_49' title='bbox 881 915 939 975; x_wconf 78' lang='lat' dir='ltr'><em>for·</em></span> 
     </span>
     <span class='ocr_line' id='line_1_9' title="bbox 182 996 941 1079; baseline 0 -24"><span class='ocrx_word' id='word_1_50' title='bbox 182 1010 186 1015; x_wconf 88' lang='grc'><em>“</em></span> <span class='ocrx_word' id='word_1_51' title='bbox 255 1015 328 1056; x_wconf 84' lang='lat' dir='ltr'><em>tunae</em></span> <span class='ocrx_word' id='word_1_52' title='bbox 347 1018 401 1056; x_wconf 85' lang='lat' dir='ltr'><em>suae</em></span> <span class='ocrx_word' id='word_1_53' title='bbox 421 1016 512 1077; x_wconf 88' lang='lat' dir='ltr'><em>patere</em></span> <span class='ocrx_word' id='word_1_54' title='bbox 531 1015 627 1066; x_wconf 86' lang='lat' dir='ltr'><em>ratus,</em></span> <span class='ocrx_word' id='word_1_55' title='bbox 647 1018 698 1055; x_wconf 88' lang='lat' dir='ltr'><em>nec</em></span> <span class='ocrx_word' id='word_1_56' title='bbox 718 996 878 1079; x_wconf 83' lang='lat' dir='ltr'><strong>quidquam</strong></span> <span class='ocrx_word' id='word_1_57' title='bbox 898 996 941 1055; x_wconf 89' lang='lat' dir='ltr'><em>ul·</em></span> 
     </span>
     <span class='ocr_line' id='line_1_10' title="bbox 255 1075 940 1157; baseline -0.003 -18"><span class='ocrx_word' id='word_1_58' title='bbox 255 1075 297 1140; x_wconf 69' lang='lat' dir='ltr'><em>tri</em></span> <span class='ocrx_word' id='word_1_59' title='bbox 324 1076 510 1147; x_wconf 82' lang='lat' dir='ltr'><em>incredibile,</em></span> <span class='ocrx_word' id='word_1_60' title='bbox 538 1080 603 1137; x_wconf 83' lang='lat' dir='ltr'><em>laeto</em></span> <span class='ocrx_word' id='word_1_61' title='bbox 628 1079 687 1157; x_wconf 85' lang='lat' dir='ltr'><em>ipse</em></span> <span class='ocrx_word' id='word_1_62' title='bbox 714 1078 815 1148; x_wconf 91' lang='lat' dir='ltr'><em>vultu,</em></span> <span class='ocrx_word' id='word_1_63' title='bbox 844 1076 940 1137; x_wconf 66' lang='lat' dir='ltr'><em>erecii</em></span> 
     </span>
     <span class='ocr_line' id='line_1_11' title="bbox 255 1157 940 1240; baseline 0.001 -23"><span class='ocrx_word' id='word_1_64' title='bbox 255 1178 317 1239; x_wconf 86' lang='lat' dir='ltr'><em>quae</em></span> <span class='ocrx_word' id='word_1_65' title='bbox 335 1157 461 1218; x_wconf 81' lang='lat' dir='ltr'><em>adstabat</em></span> <span class='ocrx_word' id='word_1_66' title='bbox 479 1157 681 1229; x_wconf 87' lang='lat' dir='ltr'><em>multitudine,</em></span> <span class='ocrx_word' id='word_1_67' title='bbox 706 1163 780 1237; x_wconf 82' lang='lat' dir='ltr'>jussa</span> <span class='ocrx_word' id='word_1_68' title='bbox 805 1161 940 1240; x_wconf 85' lang='lat' dir='ltr'><em>exsequi-</em></span> 
     </span>
     <span class='ocr_line' id='line_1_12' title="bbox 257 1239 941 1311; baseline -0.001 -12"><span class='ocrx_word' id='word_1_69' title='bbox 257 1258 309 1299; x_wconf 91' lang='lat' dir='ltr'><em>tur.</em></span> <span class='ocrx_word' id='word_1_70' title='bbox 333 1241 434 1301; x_wconf 81' lang='lat' dir='ltr'>Statim</span> <span class='ocrx_word' id='word_1_71' title='bbox 454 1260 587 1299; x_wconf 85' lang='lat' dir='ltr'><em>conversa</em></span> <span class='ocrx_word' id='word_1_72' title='bbox 607 1239 643 1299; x_wconf 88' lang='lat' dir='ltr'><em>ad</em></span> <span class='ocrx_word' id='word_1_73' title='bbox 661 1260 742 1299; x_wconf 89' lang='lat' dir='ltr'>usum</span> <span class='ocrx_word' id='word_1_74' title='bbox 764 1261 886 1311; x_wconf 87' lang='lat' dir='ltr'><em>manus,</em></span> <span class='ocrx_word' id='word_1_75' title='bbox 905 1261 941 1300; x_wconf 86' lang='lat' dir='ltr'><em>ac</em></span> 
     </span>
     <span class='ocr_line' id='line_1_13' title="bbox 257 1320 938 1402; baseline 0 -23"><span class='ocrx_word' id='word_1_76' title='bbox 257 1342 331 1381; x_wconf 87' lang='lat' dir='ltr'>caeco</span> <span class='ocrx_word' id='word_1_77' title='bbox 353 1322 453 1379; x_wconf 82' lang='lat' dir='ltr'><em>reluxit</em></span> <span class='ocrx_word' id='word_1_78' title='bbox 472 1320 539 1381; x_wconf 87' lang='lat' dir='ltr'><em>dies.</em></span> <span class='ocrx_word' id='word_1_79' title='bbox 562 1321 742 1401; x_wconf 86' lang='lat' dir='ltr'><em>Utrumque,</em></span> <span class='ocrx_word' id='word_1_80' title='bbox 770 1323 820 1402; x_wconf 92' lang='lat' dir='ltr'><em>qui</em></span> <span class='ocrx_word' id='word_1_81' title='bbox 844 1323 938 1381; x_wconf 86' lang='lat' dir='ltr'><em>inter-</em></span> 
     </span>
     <span class='ocr_line' id='line_1_14' title="bbox 258 1400 938 1485; baseline 0 -23"><span class='ocrx_word' id='word_1_82' title='bbox 258 1400 352 1472; x_wconf 84' lang='lat' dir='ltr'>fuere,</span> <span class='ocrx_word' id='word_1_83' title='bbox 367 1422 441 1461; x_wconf 88' lang='lat' dir='ltr'><em>nunc</em></span> <span class='ocrx_word' id='word_1_84' title='bbox 459 1422 573 1482; x_wconf 89' lang='lat' dir='ltr'>quoque</span> <span class='ocrx_word' id='word_1_85' title='bbox 590 1420 770 1473; x_wconf 87' lang='lat' dir='ltr'><em>memorant,</em></span> <span class='ocrx_word' id='word_1_86' title='bbox 784 1400 938 1485; x_wconf 84' lang='lat' dir='ltr'><em>postquam</em></span> 
     </span>
     <span class='ocr_line' id='line_1_15' title="bbox 257 1482 679 1565; baseline 0.002 -24"><span class='ocrx_word' id='word_1_87' title='bbox 257 1482 366 1541; x_wconf 88' lang='lat' dir='ltr'><em>nullum</em></span> <span class='ocrx_word' id='word_1_88' title='bbox 386 1482 536 1541; x_wconf 87' lang='lat' dir='ltr'><em>mendacio</em></span> <span class='ocrx_word' id='word_1_89' title='bbox 551 1484 679 1565; x_wconf 87' lang='lat' dir='ltr'><em>pretium.</em></span> 
     </span>
    </p>

    <p class='ocr_par' dir='ltr' id='par_1_3' title="bbox 251 1561 1009 2780">
     <span class='ocr_line' id='line_1_16' title="bbox 299 1561 940 1643; baseline 0.003 -22"><span class='ocrx_word' id='word_1_90' title='bbox 299 1561 449 1623; x_wconf 88' lang='lat' dir='ltr'><strong>LXXXII.</strong></span> <span class='ocrx_word' id='word_1_91' title='bbox 478 1562 573 1623; x_wconf 81' lang='lat' dir='ltr'><em>Altior</em></span> <span class='ocrx_word' id='word_1_92' title='bbox 601 1563 666 1623; x_wconf 88' lang='lat' dir='ltr'><em>inde</em></span> <span class='ocrx_word' id='word_1_93' title='bbox 684 1564 864 1643; x_wconf 84' lang='lat' dir='ltr'>Vespasiano</span> <span class='ocrx_word' id='word_1_94' title='bbox 890 1584 940 1623; x_wconf 90' lang='lat' dir='ltr'><em>cu·</em></span> 
     </span>
     <span class='ocr_line' id='line_1_17' title="bbox 278 1642 939 1724; baseline 0 -21"><span class='ocrx_word' id='word_1_95' title='bbox 278 1644 327 1703; x_wconf 89' lang='lat' dir='ltr'><em>ido</em></span> <span class='ocrx_word' id='word_1_96' title='bbox 345 1642 467 1704; x_wconf 84' lang='lat' dir='ltr'><em>adeundi</em></span> <span class='ocrx_word' id='word_1_97' title='bbox 487 1664 595 1704; x_wconf 86' lang='lat' dir='ltr'><em>sacram</em></span> <span class='ocrx_word' id='word_1_98' title='bbox 611 1646 724 1715; x_wconf 87' lang='lat' dir='ltr'><em>sedem,</em></span> <span class='ocrx_word' id='word_1_99' title='bbox 740 1664 771 1703; x_wconf 92' lang='lat' dir='ltr'><em>ut</em></span> <span class='ocrx_word' id='word_1_100' title='bbox 794 1665 876 1724; x_wconf 87' lang='lat' dir='ltr'><em>super</em></span> <span class='ocrx_word' id='word_1_101' title='bbox 894 1665 939 1703; x_wconf 88' lang='lat' dir='ltr'><em>re·</em></span> 
     </span>
     <span class='ocr_line' id='line_1_18' title="bbox 251 1664 939 1805; baseline -0.004 -18"><span class='ocrx_word' id='word_1_102' title='bbox 251 1664 310 1787; x_wconf 33' lang='lat' dir='ltr'><em>vius</em></span> <span class='ocrx_word' id='word_1_103' title='bbox 326 1727 436 1805; x_wconf 86' lang='lat' dir='ltr'><em>imperii</em></span> <span class='ocrx_word' id='word_1_104' title='bbox 448 1726 611 1785; x_wconf 81' lang='lat' dir='ltr'><strong>consuleret.</strong></span> <span class='ocrx_word' id='word_1_105' title='bbox 629 1725 728 1787; x_wconf 81' lang='lat' dir='ltr'><em>Arreri</em></span> <span class='ocrx_word' id='word_1_106' title='bbox 743 1727 844 1801; x_wconf 85' lang='lat' dir='ltr'><em>templo</em></span> <span class='ocrx_word' id='word_1_107' title='bbox 857 1748 939 1785; x_wconf 82' lang='lat' dir='ltr'><em>cunc·</em></span> 
     </span>
     <span class='ocr_line' id='line_1_19' title="bbox 259 1807 940 1890; baseline -0.001 -22"><span class='ocrx_word' id='word_1_108' title='bbox 259 1824 302 1868; x_wconf 86' lang='lat' dir='ltr'><em>tos</em></span> <span class='ocrx_word' id='word_1_109' title='bbox 327 1807 432 1888; x_wconf 83' lang='lat' dir='ltr'><em>jubet:</em></span> <span class='ocrx_word' id='word_1_110' title='bbox 460 1827 545 1889; x_wconf 90' lang='lat' dir='ltr'><em>atque</em></span> <span class='ocrx_word' id='word_1_111' title='bbox 570 1809 734 1890; x_wconf 87' lang='lat' dir='ltr'><em>ingressus,</em></span> <span class='ocrx_word' id='word_1_112' title='bbox 758 1810 940 1889; x_wconf 84' lang='lat' dir='ltr'><em>intentusque</em></span> 
     </span>
     <span class='ocr_line' id='line_1_20' title="bbox 258 1891 938 1970; baseline -0.003 -20"><span class='ocrx_word' id='word_1_113' title='bbox 258 1892 391 1963; x_wconf 86' lang='lat' dir='ltr'><em>numini,</em></span> <span class='ocrx_word' id='word_1_114' title='bbox 410 1892 527 1969; x_wconf 83' lang='lat' dir='ltr'><em>respexit</em></span> <span class='ocrx_word' id='word_1_115' title='bbox 547 1911 620 1969; x_wconf 80' lang='lat' dir='ltr'><em>pone</em></span> <span class='ocrx_word' id='word_1_116' title='bbox 641 1911 750 1970; x_wconf 79' lang='lat' dir='ltr'><em>tergum</em></span> <span class='ocrx_word' id='word_1_117' title='bbox 769 1911 784 1948; x_wconf 91' lang='lat' dir='ltr'><em>e</em></span> <span class='ocrx_word' id='word_1_118' title='bbox 805 1891 938 1970; x_wconf 85' lang='lat' dir='ltr'><em>primori-</em></span> 
     </span>
     <span class='ocr_line' id='line_1_21' title="bbox 259 1968 935 2053; baseline -0.006 -20"><span class='ocrx_word' id='word_1_119' title='bbox 259 1971 311 2033; x_wconf 88' lang='lat' dir='ltr'><em>bus</em></span> <span class='ocrx_word' id='word_1_120' title='bbox 326 1971 531 2053; x_wconf 66' lang='lat' dir='ltr'><em>AEgyptiorum</em></span> <span class='ocrx_word' id='word_1_121' title='bbox 547 1974 662 2031; x_wconf 89' lang='lat' dir='ltr'><em>nomine</em></span> <span class='ocrx_word' id='word_1_122' title='bbox 673 1968 819 2031; x_wconf 81' lang='lat' dir='ltr'><em>Basiliden</em></span> <span class='ocrx_word' id='word_1_123' title='bbox 829 1995 839 2041; x_wconf 85' lang='lat'>3</span> <span class='ocrx_word' id='word_1_124' title='bbox 851 1992 935 2052; x_wconf 88' lang='lat' dir='ltr'><em>quem</em></span> 
     </span>
     <span class='ocr_line' id='line_1_22' title="bbox 261 2052 935 2132; baseline 0.003 -23"><span class='ocrx_word' id='word_1_125' title='bbox 261 2054 358 2132; x_wconf 87' lang='lat' dir='ltr'><em>procul</em></span> <span class='ocrx_word' id='word_1_126' title='bbox 372 2052 543 2112; x_wconf 82' lang='lat' dir='ltr'><em>Alexandria</em></span> <span class='ocrx_word' id='word_1_127' title='bbox 560 2054 681 2131; x_wconf 77' lang='lat' dir='ltr'><em>plurium</em></span> <span class='ocrx_word' id='word_1_128' title='bbox 697 2053 806 2112; x_wconf 86' lang='lat' dir='ltr'><em>dierum</em></span> <span class='ocrx_word' id='word_1_129' title='bbox 821 2053 935 2124; x_wconf 83' lang='lat' dir='ltr'><em>itinere,</em></span> 
     </span>
     <span class='ocr_line' id='line_1_23' title="bbox 260 2131 933 2215; baseline 0.004 -24"><span class='ocrx_word' id='word_1_130' title='bbox 260 2141 287 2192; x_wconf 89' lang='lat'><strong>&amp;</strong></span> <span class='ocrx_word' id='word_1_131' title='bbox 308 2155 382 2215; x_wconf 78' lang='lat' dir='ltr'><em>aegro</em></span> <span class='ocrx_word' id='word_1_132' title='bbox 405 2155 519 2213; x_wconf 84' lang='lat' dir='ltr'><em>corpore</em></span> <span class='ocrx_word' id='word_1_133' title='bbox 544 2134 662 2194; x_wconf 85' lang='lat' dir='ltr'><em>detineri</em></span> <span class='ocrx_word' id='word_1_134' title='bbox 680 2131 755 2193; x_wconf 87' lang='lat' dir='ltr'><em>haud</em></span> <span class='ocrx_word' id='word_1_135' title='bbox 775 2133 933 2215; x_wconf 82' lang='lat' dir='ltr'><em>ignorabat.</em></span> 
     </span>
     <span class='ocr_line' id='line_1_24' title="bbox 261 2212 932 2289; baseline 0.003 -17"><span class='ocrx_word' id='word_1_136' title='bbox 261 2212 460 2289; x_wconf 66' lang='lat' dir='ltr'><em>Percunstatur</em></span> <span class='ocrx_word' id='word_1_137' title='bbox 477 2214 631 2274; x_wconf 85' lang='lat' dir='ltr'><em>sacerdotes</em></span> <span class='ocrx_word' id='word_1_138' title='bbox 643 2261 652 2284; x_wconf 93' lang='lat'><strong>,</strong></span> <span class='ocrx_word' id='word_1_139' title='bbox 671 2237 734 2279; x_wconf 81' lang='lat' dir='ltr'><em>num</em></span> <span class='ocrx_word' id='word_1_140' title='bbox 749 2216 800 2272; x_wconf 86' lang='lat' dir='ltr'><em>illo</em></span> <span class='ocrx_word' id='word_1_141' title='bbox 813 2216 858 2272; x_wconf 84' lang='lat' dir='ltr'><em>die</em></span> <span class='ocrx_word' id='word_1_142' title='bbox 871 2215 932 2274; x_wconf 84' lang='lat' dir='ltr'><em>Ba-</em></span> 
     </span>
     <span class='ocr_line' id='line_1_25' title="bbox 260 2295 932 2374; baseline 0 -20"><span class='ocrx_word' id='word_1_143' title='bbox 260 2295 356 2354; x_wconf 84' lang='lat' dir='ltr'><em>silides</em></span> <span class='ocrx_word' id='word_1_144' title='bbox 368 2296 497 2369; x_wconf 71' lang='lat' dir='ltr'><em>templum</em></span> <span class='ocrx_word' id='word_1_145' title='bbox 520 2298 647 2356; x_wconf 78' lang='lat' dir='ltr'><em>inisset?</em></span> <span class='ocrx_word' id='word_1_146' title='bbox 670 2299 862 2374; x_wconf 57' lang='lat' dir='ltr'><em>pertundunt</em></span> <span class='ocrx_word' id='word_1_147' title='bbox 877 2296 932 2354; x_wconf 90' lang='lat' dir='ltr'><em>ob-</em></span> 
     </span>
     <span class='ocr_line' id='line_1_26' title="bbox 260 2375 932 2456; baseline -0.003 -20"><span class='ocrx_word' id='word_1_148' title='bbox 260 2377 344 2446; x_wconf 85' lang='lat' dir='ltr'><em>vios,</em></span> <span class='ocrx_word' id='word_1_149' title='bbox 374 2398 437 2434; x_wconf 84' lang='lat' dir='ltr'><em>num</em></span> <span class='ocrx_word' id='word_1_150' title='bbox 458 2378 487 2434; x_wconf 85' lang='lat' dir='ltr'><em>in</em></span> <span class='ocrx_word' id='word_1_151' title='bbox 515 2376 577 2436; x_wconf 85' lang='lat' dir='ltr'><em>urbe</em></span> <span class='ocrx_word' id='word_1_152' title='bbox 601 2377 681 2437; x_wconf 77' lang='lat' dir='ltr'><em>visus</em></span> <span class='ocrx_word' id='word_1_153' title='bbox 707 2375 768 2436; x_wconf 75' lang='lat' dir='ltr'><em>siri</em></span> <span class='ocrx_word' id='word_1_154' title='bbox 795 2375 932 2456; x_wconf 87' lang='lat' dir='ltr'><em>denique,</em></span> 
     </span>
     <span class='ocr_line' id='line_1_27' title="bbox 261 2456 1009 2537; baseline 0.001 -23"><span class='ocrx_word' id='word_1_155' title='bbox 261 2459 352 2516; x_wconf 87' lang='lat' dir='ltr'><em>missis</em></span> <span class='ocrx_word' id='word_1_156' title='bbox 374 2456 538 2537; x_wconf 89' lang='lat' dir='ltr'><em>equitibus,</em></span> <span class='ocrx_word' id='word_1_157' title='bbox 561 2457 708 2537; x_wconf 83' lang='lat' dir='ltr'><em>explorat,</em></span> <span class='ocrx_word' id='word_1_158' title='bbox 731 2457 781 2515; x_wconf 88' lang='lat' dir='ltr'><em>illo</em></span> <span class='ocrx_word' id='word_1_159' title='bbox 801 2458 932 2535; x_wconf 81' lang='lat' dir='ltr'><em>temporis</em></span> <span class='ocrx_word' id='word_1_160' title='bbox 1006 2476 1009 2481; x_wconf 87' lang='lat'>·</span> 
     </span>
     <span class='ocr_line' id='line_1_28' title="bbox 262 2538 933 2620; baseline -0.003 -24"><span class='ocrx_word' id='word_1_161' title='bbox 262 2558 410 2596; x_wconf 84' lang='lat' dir='ltr'><em>momento</em></span> <span class='ocrx_word' id='word_1_162' title='bbox 430 2539 577 2620; x_wconf 71' lang='lat' dir='ltr'><em>oilogima</em></span> <span class='ocrx_word' id='word_1_163' title='bbox 592 2538 715 2596; x_wconf 89' lang='lat' dir='ltr'><em>millibus</em></span> <span class='ocrx_word' id='word_1_164' title='bbox 736 2558 867 2618; x_wconf 78' lang='lat' dir='ltr'>passuum</span> <span class='ocrx_word' id='word_1_165' title='bbox 886 2538 933 2595; x_wconf 87' lang='lat' dir='ltr'><em>ab·</em></span> 
     </span>
     <span class='ocr_line' id='line_1_29' title="bbox 262 2615 933 2698; baseline 0.001 -22"><span class='ocrx_word' id='word_1_166' title='bbox 262 2615 355 2677; x_wconf 85' lang='lat' dir='ltr'><em>fuisse.</em></span> <span class='ocrx_word' id='word_1_167' title='bbox 369 2618 452 2678; x_wconf 85' lang='lat' dir='ltr'><em>Tunc</em></span> <span class='ocrx_word' id='word_1_168' title='bbox 465 2617 590 2679; x_wconf 86' lang='lat' dir='ltr'><em>divinam</em></span> <span class='ocrx_word' id='word_1_169' title='bbox 606 2620 746 2698; x_wconf 86' lang='lat' dir='ltr'><em>speciem,</em></span> <span class='ocrx_word' id='word_1_170' title='bbox 762 2627 789 2678; x_wconf 87' lang='lat'>&amp;</span> <span class='ocrx_word' id='word_1_171' title='bbox 805 2620 865 2676; x_wconf 83' lang='lat' dir='ltr'><em>vim</em></span> <span class='ocrx_word' id='word_1_172' title='bbox 878 2639 933 2677; x_wconf 84' lang='lat' dir='ltr'><em>res-</em></span> 
     </span>
     <span class='ocr_line' id='line_1_30' title="bbox 262 2701 932 2780; baseline 0.007 -26"><span class='ocrx_word' id='word_1_173' title='bbox 262 2702 345 2776; x_wconf 87' lang='lat' dir='ltr'><em>ponsi</em></span> <span class='ocrx_word' id='word_1_174' title='bbox 366 2720 399 2759; x_wconf 86' lang='lat' dir='ltr'><em>ex</em></span> <span class='ocrx_word' id='word_1_175' title='bbox 424 2701 542 2762; x_wconf 86' lang='lat' dir='ltr'><em>nomine</em></span> <span class='ocrx_word' id='word_1_176' title='bbox 563 2701 724 2772; x_wconf 77' lang='lat' dir='ltr'><em>Basilidis,</em></span> <span class='ocrx_word' id='word_1_177' title='bbox 746 2701 932 2780; x_wconf 79' lang='lat' dir='ltr'><em>interpretatus</em></span> 
     </span>
    </p>
   </div>
   <div class='ocr_carea' id='block_1_3' title="bbox 263 2777 309 2840">
    <p class='ocr_par' dir='ltr' id='par_1_4' title="bbox 263 2777 309 2840">
     <span class='ocr_line' id='line_1_31' title="bbox 263 2777 309 2840; baseline 0.043 -3"><span class='ocrx_word' id='word_1_178' title='bbox 263 2777 309 2840; x_wconf 86' lang='lat' dir='ltr'><em>est.</em></span> 
     </span>
    </p>
   </div>
   <div class='ocr_carea' id='block_1_4' title="bbox 0 0 1068 3650">
    <p class='ocr_par' dir='ltr' id='par_1_5' title="bbox 0 0 1068 3650">
     <span class='ocr_line' id='line_1_32' title="bbox 0 0 1068 3650; baseline 0 0"><span class='ocrx_word' id='word_1_179' title='bbox 0 0 1068 3650; x_wconf 95' lang='lat' dir='ltr'><em> </em></span> 
     </span>
    </p>
   </div>
  </div>
 </body>
</html>
