2100 3650
278 322 344 388 142
400 299 436 370 C.
466 301 610 369 Coun.
643 299 826 368 TAcrtr

274 423 402 482 tionibus
422 416 529 480 affedae
546 423 606 498 jam
625 419 736 498 imperii
759 439 828 499 opes
838 417 959 480 suffice·

273 522 335 564 rent
345 548 355 573 ,
367 503 504 576 amputari
521 502 656 579 legionum
669 500 891 579 auxiliorumque
904 527 957 562 nu·

274 607 362 644 meros
378 585 473 662 jubet,
490 584 584 641 vetitis
602 582 803 662 supplementis
822 607 829 640 :
851 593 881 644 &
898 607 959 665 pro-

273 667 387 725 rniscuae
404 665 553 723 missiones
570 660 760 722 offerebantur
782 687 789 722 ε
812 667 959 726 exitiabile

273 746 305 806 id
334 747 441 825 reipub.
469 747 613 827 ingratum
643 746 752 816 militi,
781 748 829 805 cui
857 748 959 809 eadem

272 829 372 888 munia
390 829 462 886 inter
480 844 604 906 pantos,
624 828 801 906 periculaque
826 849 862 886 ac
878 830 961 890 labor

274 906 395 968 crebrius
414 908 544 968 redibant
566 932 572 965 :
593 917 620 968 bt
641 911 714 968 vires
737 909 805 968 luxu
828 930 960 970 corrum-

275 990 433 1072 pebantur,
466 997 564 1049 'contra
598 1010 719 1052 veterem
751 989 958 1070 disciplinam,

273 1068 445 1132 &instituta
465 1076 626 1150 majorum,
643 1070 717 1152 apud
737 1091 809 1152 quos
832 1075 959 1146 virtute,

272 1152 361 1236 quim
371 1152 506 1230 petunilt,
517 1173 560 1212 tes
574 1153 706 1212 Romana
720 1150 820 1212 melitis
830 1151 919 1216 stetit

314 1234 408 1294 LXX.
422 1234 492 1294 Inde
505 1235 639 1294 Vitellius
661 1235 840 1296 Cremonam
860 1239 956 1302 flexit,
1017 1250 1022 1263 “

273 1325 303 1377 &
319 1321 444 1396 spellato
462 1335 576 1376 munere
593 1315 734 1386 Caecinae,
754 1314 885 1376 insistere
903 1319 958 1377 Be-

273 1396 464 1457 driacensibus
484 1399 612 1477 campis,
637 1417 670 1457 ac
694 1395 813 1480 vestigia
835 1402 959 1462 recentis

272 1480 398 1540 viuoriae
418 1477 530 1544 lustrare
556 1479 667 1552 oculis,
689 1481 863 1560 concupivit.
885 1483 956 1542 1²oe-

273 1559 344 1620 dum
363 1580 446 1641 atque
464 1579 544 1620 atrox
563 1565 753 1640 speltaculttm
773 1585 780 1620 :
798 1563 874 1623 intra
890 1585 960 1646 qua·

273 1642 466 1726 dragesimunt
487 1653 595 1725 pugnat·
608 1642 684 1702 diem
706 1643 798 1706 lacera
814 1665 957 1725 corpora,

273 1726 365 1784 trunci
387 1743 481 1794 artus,
502 1743 593 1803 putres
614 1726 738 1788 virorum
759 1743 959 1810 equorumque

274 1798 394 1879 format,
414 1805 520 1866 infedla
537 1807 605 1866 tabo
623 1803 745 1879 humus,
767 1809 894 1888 protritis
915 1832 961 1871 ar·
1034 1876 1035 1887 χ

273 1890 391 1949 boribus
410 1910 444 1947 ac
463 1886 591 1971 frugibus
610 1934 620 1961 ,
642 1889 702 1949 dira
725 1888 841 1951 vastitas
864 1914 872 1947 ε
906 1914 958 1953 nec

273 1969 370 2031 minsis
394 1968 551 2031 inhumana
573 1991 635 2051 pars
660 1974 736 2043 viae,
761 1992 852 2053 quam
876 1972 962 2034 Cre·¹

274 2073 425 2124 tironenses
456 2052 536 2112 lauru
565 2054 692 2133 rosisque
724 2051 958 2128 constraverunt,
1034 2058 1035 2135 ᾗ

273 2131 415 2193 exstrueiis
443 2134 602 2215 altaribus,
632 2138 765 2216 caesisque
800 2137 957 2210 viffimis,
1034 2144 1035 2147 ’

273 2217 384 2299 tegium
399 2217 430 2275 in
446 2236 556 2275 moreni
576 2239 583 2274 ε
605 2238 666 2298 quae
684 2218 746 2279 laeta
766 2218 797 2277 in
812 2238 956 2297 praesens‚

274 2318 343 2357 mox
368 2299 519 2377 perniciem
540 2298 607 2377 ipsis
628 2298 726 2361 fecere.
747 2298 875 2361 Aderant
893 2302 960 2360 Va·
1034 2362 1035 2367 ,

273 2380 335 2454 lens
358 2385 395 2439 &'
412 2380 548 2450 Caecina,
576 2378 824 2462 monstrabantque
853 2402 957 2523 puilnae

274 2462 354 2521 locos
370 2484 376 2518 ε
395 2461 458 2521 ltine
471 2463 592 2537 erupisse
607 2463 743 2541 legionum
755 2486 869 2543 agmen,
917 2467 957 2523 ‘nc

274 2546 377 2620 equites
395 2562 499 2603 coortos
521 2544 614 2603 :inde
632 2545 809 2621 circumfusas
826 2547 954 2605 auxilio·

275 2647 334 2683 rum
347 2647 452 2684 manus.
473 2624 539 2685 Jam
559 2626 666 2687 tribuni
684 2624 883 2707 praefectique,
903 2649 953 2687 sua
1034 2678 1035 2707 ἶ

275 2707 394 2787 quisque
414 2706 488 2765 faria
507 2706 687 2789 extollentes,
703 2706 794 2778 falsa,
808 2728 891 2779 vete,
906 2727 955 2769 aut

276 2794 386 2880 mepta
409 2809 477 2857 vero
503 2788 678 2855 miscebunt„
698 2789 812 2873 Vulgus
840 2798 956 2873 quoque
