2100 3650
198 304 512 410 Hrsronrnnun
527 339 696 412 ltan.
726 365 789 433 331

113 476 146 517 ut
165 459 288 540 infestum
302 462 484 537 tantidemque
504 460 728 532 inseciabantur,
743 462 797 522 ad-

115 540 218 617 junclis
234 542 333 619 prioris
346 542 412 600 vitae
430 543 593 601 criminibus
613 563 726 623 :neque
738 545 797 623 ipse

115 618 210 679 deerat
231 620 394 704 arroganti&
410 642 511 681 vocare
530 619 671 695 offensas,
690 624 796 684 nimius

114 702 399 773 commemorandis,
422 722 484 783 quae
510 704 664 763 meruisset.
686 706 797 777 Alios,

115 800 146 841 ut
166 782 304 855 imbelles,
322 782 473 854 Cercinam,
492 802 524 844 ut
545 786 684 861 captiuum
699 804 732 845 ac
750 788 796 845 de·

114 864 242 921 diricium
264 865 397 944 increpat.
423 862 509 925 Unde
536 866 683 946 paullatim
705 866 796 926 levior

116 944 256 1026 viliorque
280 942 398 1017 haberi,
418 965 551 1005 manente
568 966 665 1007 tamen
685 947 717 1007 in
736 968 797 1029 spe·

117 1026 191 1083 ciem
213 1025 347 1086 amicitid.

157 1106 294 1167 LXXXI.
318 1107 370 1167 Per
390 1129 438 1168 eos
457 1126 587 1179 menses,
600 1108 703 1189 quibus
720 1104 797 1168 Ves-

117 1189 248 1267 pasianus
268 1188 443 1249 Alexandriae
458 1186 544 1249 statos
562 1186 662 1249 estivis
682 1190 795 1250 flatibus

118 1266 201 1339 dies,
223 1278 341 1329 &certa
364 1272 447 1330 maris
467 1270 683 1350 opperiebatur,
704 1271 795 1331 multa

117 1350 254 1409 miracula
283 1371 420 1423 evenere,
450 1352 513 1431 quis
541 1353 605 1410 coeli
634 1350 737 1422 favor,
767 1360 797 1411 dc

119 1429 251 1511 quadarn
266 1433 296 1491 in
313 1434 522 1513 Vespasianum
541 1434 687 1492 inclinatio
703 1434 798 1492 numi·

119 1532 190 1571 num
212 1512 406 1573 ostenderetur.
433 1511 475 1573 Ex
499 1514 580 1593 plebe
604 1513 796 1575 Alexandrina

119 1593 255 1673 quidam,
271 1595 418 1654 oculorum
431 1594 496 1654 tabe
513 1614 614 1665 notus,
629 1614 720 1677 genua
737 1600 796 1673 ejus

120 1673 308 1747 advolvitur,
330 1678 472 1735 remedium
492 1678 622 1735 cecitatis
646 1694 799 1755 exposcens

122 1757 249 1838 gemitu3
272 1760 382 1816 monitu
402 1756 542 1837 Serapidis
558 1756 623 1827 dei,
643 1776 729 1837 quem
746 1755 798 1814 de·

122 1837 181 1899 dita
200 1837 438 1918 superstitionibus
456 1859 525 1920 gens
545 1858 610 1898 ante
623 1840 693 1897 alios
709 1839 798 1897 colit:

121 1920 340 2001 precabaturque
379 1921 559 2000 principem,
594 1937 624 1977 ut
653 1941 738 1997 genas
770 1915 798 1978 ἃ

122 2003 258 2061 oculorum
269 2001 345 2063 orbes
354 2005 512 2082 dignaretur
524 2022 672 2079 respergere
685 2001 742 2059 oris
753 2022 800 2059 ex·

122 2102 263 2142 cremento.
278 2083 358 2144 Alius
377 2103 494 2142 manum
510 2103 602 2163 reget,
622 2081 723 2140 eodem
743 2081 798 2140 deo

122 2167 256 2234 audiore,
274 2183 304 2222 ut
318 2167 384 2239 pede
401 2187 432 2222 ac
451 2165 562 2244 uestigio
581 2165 695 2222 curaris
710 2164 800 2222 calca-

122 2265 214 2314 retur,
231 2245 338 2305 orabat.
355 2246 544 2324 Vespasianus
557 2242 648 2324 primb
659 2244 798 2315 inridere,

123 2325 302 2406 adspernari3
322 2346 405 2406 atque
428 2326 482 2384 illis
504 2324 689 2395 instantibus,
711 2323 803 2383 modd

123 2405 235 2476 famam
256 2409 389 2468 vanitatis
405 2427 545 2474 metuere,
565 2404 654 2464 modb
670 2405 803 2464 obsecra-

125 2489 203 2546 tione
227 2489 372 2567 ipsorum,
395 2487 555 2547 &vocibus
578 2485 753 2544 adulantium
771 2487 802 2546 in

123 2579 204 2648 spem
224 2568 345 2627 induci:
369 2565 510 2648 postremo
530 2564 680 2626 existimati
702 2589 717 2626 a
735 2575 801 2626 me-'

124 2649 195 2710 dicis
216 2649 313 2728 jubet,
335 2673 372 2710 an
392 2651 455 2709 talis
474 2651 582 2708 caeciras
602 2669 634 2708 ac
653 2648 801 2721 debilitas,

124 2751 180 2808 ope
207 2728 333 2790 humani
361 2731 528 2811 superabiles
562 2728 661 2790 forent.
692 2731 803 2789 Medici

125 2811 203 2872 varie
228 2811 359 2874 disserere
386 2835 394 2872 ι
419 2811 494 2872 Huic
524 2834 579 2872 non
608 2834 717 2873 exesam
742 2813 802 2875 *rim
