2100 3650
212 283 589 368 'Hrsrorrrnvn
609 307 760 368 Nom.
783 324 840 381 421

167 413 232 480 apud
243 413 443 478 Vespasianum,
459 430 509 480 quo
520 413 623 480 jubente
639 413 786 466 interfectus
802 414 846 466 cst.

205 486 239 537 X.
255 503 278 538 1.
290 485 399 536 Publium
411 487 519 539 Celerem.
530 489 670 555 Egnatium.
686 488 752 542 Vide
776 490 842 539 Anu.

171 560 205 612 16
215 595 221 618 .
235 576 279 626 32.
289 561 354 612 Hinc
365 560 378 612 J
381 562 505 622 uvenalis,
517 560 616 610 Stoicus
627 563 717 610 occidit
725 560 843 622 Baream,

165 633 261 684 delator
277 635 396 694 amicum,
413 635 612 700 Discipulrmrquc
630 653 711 686 sanes.

206 723 233 758 a.
251 705 366 760 Proditor
378 724 548 774 corruptorque.
558 709 657 760 Vocem
668 710 777 761 ultimam
787 725 845 762 cor·

167 791 264 847 ruptam
280 794 368 832 censet
381 781 514 844 Heinsius,
530 784 665 849 malletque
680 797 811 849 correptor,
826 782 846 834 i.
900 776 903 781 ’

165 871 193 907 e.
207 867 347 915 accusator.
360 853 438 906 Certb
450 871 572 922 conceptor
583 857 603 906 is
615 856 667 919 est,
677 857 718 923 qui
729 871 846 923 quocum·

167 944 217 995 que
235 929 309 980 modo
325 930 431 979 animum
447 945 580 995 moresque
590 930 696 981 aliorum
710 931 844 997 depravat,

165 1002 235 1070 quod
247 1002 276 1052 ab
290 1003 339 1052 hoc
358 1004 417 1057 loca
434 1004 609 1057 alienissimum
629 1004 672 1056 eu.

165 1115 171 1124 .
207 1075 275 1124 ΧΗ.
296 1093 320 1128 a.
335 1075 389 1136 Nea
409 1075 492 1142 opibus
509 1075 678 1128 Romanis...
691 1078 844 1130 attriti.Ncc

168 1150 259 1214 opibus
269 1149 386 1200 Romanis
393 1148 482 1214 delesti
490 1151 517 1202 δι
525 1149 639 1216 prostrati
647 1187 655 1212 ,
664 1151 729 1216 quod
738 1152 844 1216 plerum·

166 1239 218 1290 ,que
228 1223 317 1272 accidit
328 1224 444 1292 pupulis,
455 1225 496 1290 qui
507 1223 631 1275 sacietate
639 1223 715 1289 juniii
726 1236 846 1274 suntcum

167 1296 359 1348 valentioribus.
371 1298 409 1349 lta
425 1297 492 1347 Flos.
510 1297 560 1349 Sed
573 1299 705 1349 Vaticanus
717 1297 847 1366 &Regius

168 1371 241 1420 aliter
262 1373 365 1438 legunt,
384 1387 426 1419 nec
447 1370 530 1436 opibus
548 1371 683 1433 Romanis,
702 1375 846 1421 societateue

165 1444 323 1498 solertiarum
341 1443 452 1506 austriali.
470 1445 487 1495 i.
505 1462 531 1497 e.
550 1443 640 1496 severi
658 1446 746 1510 habiti,
766 1455 795 1496 ut
807 1445 846 1494 iu·

166 1528 320 1584 terpretatur
334 1517 451 1569 piebem.

204 1591 274 1642 Xlll.
287 1605 312 1643 t.
324 1591 439 1642 Claudius
450 1591 546 1642 Ciuilis.
554 1590 621 1643 vtae
631 1591 692 1642 Hill.
704 1607 716 1642 1
730 1625 738 1649 ,
750 1605 794 1657 59.

206 1679 232 1718 2.
249 1663 333 1714 Simili
348 1667 396 1716 crt‘s
411 1665 621 1726 dehonestamento.
632 1666 776 1722 Plutarchus
793 1665 847 1725 ait,

167 1739 210 1806 qui
228 1739 303 1806 duces
318 1736 423 1790 maxims
438 1740 555 1790 bellicosi
572 1739 687 1798 luerunt,
703 1755 747 1790 eos
764 1740 846 1790 alteru

168 1813 277 1865 caruisse
288 1815 363 1864 oculo
375 1847 381 1871 ‚
393 1811 548 1879 Philippum,
560 1814 727 1882 Antigonum,
737 1813 847 1865 Anniba·

166 1890 231 1949 lem,
248 1886 273 1938 &
286 1888 434 1939 Sertorium.
448 1888 556 1937 Annibal
566 1886 592 1937 iu
609 1888 715 1939 transitu
726 1887 841 1955 paludum

168 1964 274 2013 alterum
290 1962 408 2011 amiserat
428 1962 537 2020 oculum.

203 2035 275 2088 XlV.
293 2050 317 2085 ι.
332 2038 471 2101 Composita
486 2037 622 2084 seditionis.
632 2036 650 2087 i.
664 2052 688 2086 e.
702 2025 844 2101 praepatata‘s

165 2110 229 2159 alam
246 2110 272 2161 δι
282 2108 409 2159 inbrultae.
419 2108 456 2158 lta
467 2123 498 2158 ex
511 2107 622 2159 editione
632 2110 708 2176 prima
719 2110 787 2159 dedit
796 2109 845 2160 Et·

166 2183 248 2233 nestus
257 2220 265 2243 ,
275 2200 321 2249 pro
332 2183 435 2249 vulgato
447 2184 583 2247 compositi.

205 2272 233 2307 2·
246 2254 350 2327 Quando
369 2257 470 2324 legatum
483 2256 569 2305 venire.
587 2255 647 2305 Hac
661 2254 759 2322 Lipsius
771 2258 846 2309 sumit

156 2328 361 2398 ¹interrogativb,
377 2330 426 2379 boc
443 2346 534 2390 sensu,
546 2328 752 2395 aequandumitti
768 2332 798 2380 ad
816 2347 845 2380 se
908 2391 911 2395 Α

168 2407 295 2472 legatum,
311 2415 339 2453 ut
357 2404 445 2454 saltem
467 2402 571 2453 dominis
588 2402 769 2452 honestioribus
790 2419 847 2453 ses·

167 2476 257 2527 uiant?
274 2476 387 2527 Ernestus
403 2477 523 2527 indubiam
537 2492 551 2525 a
570 2473 655 2540 Lipsio
670 2476 846 2543 interrogatio·

165 2566 224 2603 nem
240 2552 326 2613 delet,
339 2551 364 2602 ἃ
379 2552 472 2617 quando
482 2548 578 2613 accepit
591 2548 680 2597 dilium
694 2566 740 2613 pro
751 2552 845 2616 quippe.

204 2640 229 2691 3.
247 2622 396 2690 Vespasiano
412 2628 579 2689 imputaturus.
590 2622 660 2688 lpsus
672 2622 779 2673 Batavos
796 2640 844 2689 pe·

164 2698 256 2764 tituros
268 2709 361 2747 motum
375 2699 404 2747 ab
420 2699 480 2763 ipsis
497 2698 604 2756 bellum,
621 2694 643 2743 si
661 2694 714 2759 ejus
731 2698 844 2763 ambigua

160 2782 234 2821 asset
250 2770 367 2835 fortuna,
383 2771 474 2839 apponi
492 2771 539 2823 sibi
558 2768 640 2838 gratiae
656 2770 723 2835 apud
743 2770 842 2837 Vespa·

164 2860 269 2899 suanum.
