2100 3650
193 290 616 398 Hrsroatauuntdru.
643 330 693 397 II.
745 334 789 419 89

111 446 197 511 firerit
216 448 337 531 longum
358 448 439 506 initia
458 448 623 531 religionis,
643 449 742 529 templi
760 448 795 509 si·

111 550 173 590 tum
191 529 341 601 ,formam
359 528 416 587 dete
434 575 443 600 ,
462 550 553 611 neque
575 532 652 591 enim
668 530 738 590 alibi
755 533 795 591 sic

111 610 251 681 babetur,
273 612 369 691 paucis
386 610 527 669 disserere.

153 693 207 752 Ill.
232 694 404 752 Conditorem
417 694 512 766 templi
523 714 609 773 regem
622 693 729 753 Aeriart
749 714 797 753 ve-

112 793 158 835 tus
175 776 338 843 memoria,
355 772 474 854 quidam
493 776 581 849 ipsius
594 778 647 834 dea
660 798 754 835 nomen
766 778 799 835 id

115 853 274 937 perhibent.
298 856 388 914 Fama
409 858 547 930 recentior
573 856 677 927 tradit,
703 880 720 915 a
745 861 796 937 Cy·

115 959 187 1017 nyra
210 936 348 996 sacratum
373 939 522 1010 templum,
551 940 677 1015 deamque
706 940 796 1013 ipsam

114 1036 269 1093 conceptum
285 1016 376 1086 mari,
394 1016 445 1075 duc
462 1020 614 1093 appulsam.
634 1018 692 1078 Sed
708 1018 796 1078 scieti-
886 1017 887 1021 ¹

116 1101 187 1159 tiam
207 1118 341 1175 arcentque
357 1098 530 1172 haruspicum
549 1102 686 1170 accitam,
706 1098 733 1160 ἃ
756 1102 799 1160 ci-

114 1183 197 1240 licem
213 1180 371 1239 Ibantiram
380 1181 517 1239 intulisse.
528 1179 620 1257 Atque
628 1182 802 1263 impedium,

87 1329 91 1334 Ι
115 1262 273 1340 utfamiliae
285 1263 422 1338 utriusque
436 1263 539 1342 posteri
550 1262 714 1321 cerimoniis
731 1285 799 1337 prte-

115 1347 245 1403 sidertnt.
265 1343 366 1420 Mor,
390 1363 425 1401 ne
448 1338 557 1420 honore
581 1344 660 1403 nullo
687 1346 797 1427 regium

117 1446 207 1520 genus
242 1425 420 1507 peregrinam
450 1422 562 1504 stirpem
599 1426 799 1497 antecelleret,

116 1505 201 1587 apsel,
221 1527 308 1587 quarn
333 1505 507 1575 inorlerant,
531 1504 646 1565 scientiis
674 1503 799 1587 hospites

117 1608 222 1648 cessere
242 1610 250 1644 z
272 1606 382 1646 tantum
406 1585 565 1668 Cinyrades
581 1587 708 1648 sacerdos
729 1609 800 1647 con-

117 1669 226 1730 sulitur.
249 1666 382 1738 Hostiae,
411 1687 443 1727 ut
473 1671 592 1751 quisque
620 1670 721 1739 vovit;
751 1667 800 1729 sed

120 1772 213 1811 mares
235 1749 404 1835 deliguntur.
427 1748 593 1809 Certissima
617 1748 685 1809 fides
707 1746 802 1809 bado-

118 1855 184 1894 rum
203 1830 288 1892 fibris.
309 1833 485 1915 Sanguinem
503 1853 557 1892 arae
576 1830 732 1891 obfundere
754 1852 802 1891 ve·

114 1917 206 1974 titum
231 1936 239 1971 t
258 1914 428 1995 precibus&
447 1916 513 1996 igne
534 1934 603 1994 puro
620 1913 718 1974 altaria
734 1912 802 1972 ado-

116 1997 234 2066 lentur,
254 2016 305 2054 nec
326 1995 388 2054 ullis
402 1995 559 2065 imbribus,
576 2015 661 2076 quam
684 2015 750 2054 uam
770 1996 801 2055 in

119 2096 241 2158 aperto,
260 2076 434 2137 madescunt.
455 2076 644 2136 Simulacrum
662 2017 683 2136 d

120 2160 216 2242 effigie
240 2155 365 2218 humani
394 2178 402 2214 t
430 2161 578 2219 continuus
602 2157 678 2218 orbis
702 2158 801 2217 latiore

119 2242 207 2301 initio
227 2259 339 2299 tenuem
362 2240 391 2297 iu
409 2240 570 2310 ambitum,
591 2258 671 2298 metae
692 2239 802 2312 modo,

123 2342 272 2405 exsurgens
285 2345 292 2378 t
308 2330 335 2381 &
348 2321 420 2379 ratio
434 2321 462 2379 in
474 2322 602 2380 obscuro.

164 2403 219 2463 IV.
240 2403 341 2474 Titus,
359 2400 481 2482 spediatd
498 2400 643 2482 opulenti&
664 2399 744 2460 donis
766 2421 801 2460 ue

121 2503 241 2570 regum,
265 2505 383 2566 quaeque
403 2483 459 2542 alia
475 2483 570 2542 laetum
588 2423 803 2562 antiquitatibus

122 2569 291 2629 Graecorum
313 2586 400 2648 genus
427 2567 537 2624 incertae
559 2561 687 2624 vetustati
714 2556 804 2623 adlin-

123 2652 187 2733 git,
199 2653 232 2709 de
246 2649 423 2726 navigatione
434 2645 556 2726 primrlm
567 2645 716 2704 consuluit.
727 2643 805 2708 Post-

122 2752 213 2811 quam
229 2731 319 2804 pandi
336 2731 431 2798 viam,
452 2724 479 2786 d?
503 2750 576 2786 mare
589 2749 743 2801 prosperum
759 2747 806 2784 ac-

125 2813 218 2894 cepit,
233 2810 268 2870 de
286 2829 315 2871 se
331 2829 380 2893 per
394 2811 529 2894 ambages
541 2811 710 2894 interrogat,
729 2808 806 2867 casis

682 2098 720 2136 ΕΖ
741 2097 801 2136 non
833 2127 834 2132 ,
