2100 3650
198 329 531 393 Hnsrourunurr
558 328 708 394 Nom.
737 354 797 411 427

153 434 251 489 Xth.
277 453 301 489 1.
320 437 386 488 Luta
400 437 488 489 Pisoni
505 443 586 490 omina
595 472 605 493 .
615 475 622 489 .
632 473 640 491 .
652 443 799 491 continuare.

115 509 191 561 Laetis
208 513 331 564 ominibus
347 511 462 564 Pisonem
478 512 592 573 assidue,
609 515 671 564 iocis
687 515 800 566 omnibus

116 585 254 651 prosequi,
267 597 389 653 tamquam
401 584 546 653 principemss
562 587 611 638 Pro
627 592 721 648 omitto,
733 588 801 655 quod

116 676 131 708 e
146 658 305 710 corrediens
320 661 424 712 Acidalii
433 662 530 728 recepit
542 661 671 722 Bruttius,
683 663 744 714 editi
754 664 800 713 ba·

115 733 178 782 bent
193 737 283 784 omniu.

155 823 181 860 2.
201 807 282 856 Clodii
296 806 387 861 Macri.
399 808 470 860 Vide
489 807 550 860 ffiss.
564 825 597 869 1,
615 823 643 873 7.

154 881 184 932 Ι..
205 897 229 932 1.
245 880 335 932 Btbius
349 881 477 944 Massa,t
491 882 685 949 procuratoribus
698 883 799 949 Africo.

116 954 186 1019 Quia
197 971 246 1006 uon
260 955 376 1006 uidentur
386 957 464 1008 fuisse
477 959 561 1022 piures
574 958 599 1006 in
610 959 693 1008 unita
706 975 801 1024 procu-

119 1040 211 1088 tores,
226 1029 339 1080 Ernestus
351 1029 421 1082 delet
438 1047 528 1081 nomen
546 1029 651 1094 Africo,
669 1043 725 1081 ute
740 1050 800 1098 pro-

107 1101 263 1152 truraturibus
274 1103 307 1153 sit
315 1119 460 1169 procurator.
476 1105 524 1154 Sed
538 1106 597 1171 quid
611 1115 681 1154 vetat
694 1104 800 1155 Bebium

116 1177 228 1227 Massam
240 1177 287 1227 diri
304 1193 316 1224 t
330 1177 518 1243 procuratoribus
536 1176 623 1241 Africo
641 1179 734 1241 fuisse,
751 1181 801 1228 huc
823 1234 826 1238 ,

119 1249 170 1314 est,
192 1267 268 1300 unutn
291 1251 387 1315 exiis,
405 1253 447 1320 qui
471 1262 648 1320 procuratores
667 1253 692 1302 in
715 1252 802 1304 Africa

117 1323 238 1375 fuerant?

160 1413 186 1450 2·
209 1392 350 1458 Malorum,
371 1415 419 1464 quae
435 1416 491 1448 mort
509 1400 614 1452 tulimus.
637 1399 687 1450 Sub
707 1399 800 1450 Domi·

117 1472 204 1534 tiano,
220 1474 259 1538 qui
273 1487 319 1536 per
328 1473 429 1522 Bobium
443 1473 551 1523 Massam
562 1473 701 1523 deiatorttn
712 1473 800 1524 claris·

117 1547 189 1597 simis
202 1547 260 1596 viris
272 1559 359 1595 necem
368 1545 610 1598 attulit··VidePlin.
623 1547 698 1613 Epist.
714 1565 727 1612 5
739 1585 746 1608 ,
758 1563 783 1605 ς.

154 1618 208 1670 ut.
228 1637 250 1670 t.
265 1616 398 1684 Antequam
415 1622 577 1688 digrederetur.
593 1621 615 1670 Α
630 1632 716 1687 patre,
735 1621 800 1669 Ale·

110 1691 236 1752 flandria,
247 1707 320 1759 quern
339 1689 370 1741 ed
388 1709 469 1762 usque
483 1706 584 1745 secutus
600 1706 672 1755 erat,
691 1694 748 1744 inde
764 1694 802 1744 di·

108 1781 219 1837 ¹gressus
240 1767 389 1819 Cosuream.

157 1856 183 1894 2.
195 1840 269 1891 Suum
281 1844 362 1906 cuique
371 1842 508 1910 sauguinem
518 1843 680 1893 indiscretum.
688 1842 725 1893 lta
737 1858 800 1893 con·

120 1915 245 1984 januum,
258 1928 286 1965 ut
297 1914 363 1965 nulli
373 1932 401 1966 re
412 1916 509 1967 secerni
523 1932 552 1965 ac
561 1916 690 1966 dissociari
700 1918 803 1969 debeat.

156 1988 221 2039 [ΠΙ.
241 2004 264 2041 r.
280 1990 363 2039 curam
380 1990 512 2052 restituendi
530 1990 654 2056 Capitolii.
664 1991 802 2057 Vespasia·

118 2064 473 2128 numhoctempurenondum
482 2063 804 2117 Romaefuisseseriestota

118 2154 202 2188 return
217 2139 325 2187 declarat
343 2153 350 2187 e
367 2148 392 2187 at
411 2154 425 2186 e
442 2138 567 2187 Suetonio
583 2137 677 2187 constat
691 2154 723 2188 eo
738 2154 804 2205 prae-

119 2223 213 2273 sente,
232 2213 306 2261 immo
327 2212 352 2262 δι
368 2212 496 2261 ruderibus
511 2213 641 2278 purgandis
657 2228 741 2262 manus
759 2212 804 2263 ad·

119 2298 257 2349 movente,
279 2284 417 2335 restitutum
441 2284 603 2352 Capitolium.
626 2286 709 2351 Quum
727 2286 805 2353 igitur

119 2361 171 2410 hoc
181 2360 245 2409 libro
264 2371 352 2426 quarto
363 2358 508 2425 frequentes
519 2359 575 2408 -sint
585 2361 609 2408 in
621 2377 679 2410 mss.
689 2372 805 2425 transpo-

70 2435 75 2443 '
119 2435 242 2494 sitiones,
255 2432 280 2483 &
291 2450 366 2483 vacua
380 2434 442 2483 locis
454 2434 565 2499 pluribus
580 2434 677 2497 spatia,
689 2433 804 2483 Ernessus

117 2505 805 2574 suspicaturhocidereiiitutoCapitolionitnisatdiata‚

119 2582 236 2642 aliunde,
247 2581 295 2631 hoc
308 2581 357 2642 est,
370 2597 384 2630 e
395 2582 457 2631 libro
469 2592 592 2647 sequente
602 2581 651 2630 hue
662 2579 785 2630 transsata.

161 2674 187 2706 2.
204 2655 268 2727 Quis
278 2654 359 2720 fausta
374 2658 480 2707 nomina.
499 2654 559 2704 Mos
578 2666 631 2704 erat
646 2655 741 2721 eligere
758 2655 806 2703 hu·
856 2646 859 2653 ’

121 2730 200 2779 mines
216 2733 283 2779 bono
295 2731 410 2790 numine,
423 2730 464 2795 qui
477 2744 558 2778 return
569 2728 715 2795 agendarum
726 2728 805 2778 initiis

120 2816 258 2870 praeessent
274 2814 317 2854 aur
332 2804 503 2867 interessent,
519 2802 545 2855 δι
560 2818 689 2870 quurutue
704 2803 805 2853 nomine
