2100 3650
219 345 283 432 158
348 340 385 410 C.
413 339 570 412 eoas.
603 327 817 408 TAcr'T't

218 462 321 545 gladiis
340 464 464 522 invasere
489 482 496 516 ε
520 479 603 519 caesus
627 459 699 520 inter
722 459 795 519 alios
820 473 905 540 patet

217 545 337 614 militis,
358 563 447 624 quum
463 539 554 600 filium
574 542 776 612 comitaretur3
797 540 904 601 deinde

217 645 235 684 a
277 627 359 694 itust
384 633 411 683 ὃ(
435 619 552 704 vulgata
585 621 683 692 caede,
709 640 903 700 temperatum

218 727 237 765 a
282 706 414 764 innoxiis.
436 705 471 764 ln
493 703 561 762 urbe
585 721 682 762 tamen
705 699 879 782 trepiditum
891 749 902 775 ,

217 785 445 867 praecurrentibus
476 786 580 866 passim
608 783 756 842 militibus.
792 784 903 844 Forum

219 867 345 927 maximb
362 867 508 946 petebant,
519 865 649 946 cupidine
664 864 774 924 visendi
785 865 902 938 locum,

216 949 253 1007 in
267 969 325 1029 quo
342 947 439 1008 Galba
452 949 589 1028 jacuisset
609 947 671 1005 Nec
684 943 776 1005 minus
794 965 903 1006 saevum

217 1029 409 1109 speclacnlum
432 1047 510 1088 etant
528 1029 599 1108 ipsi,
623 1028 707 1111 tergis
728 1024 853 1086 ferarum
875 1037 904 1088 δι

219 1110 382 1194 ingentibus
405 1111 467 1169 telis
488 1108 651 1178 horrentes,
674 1127 762 1189 quum
787 1109 904 1170 turbam

218 1191 318 1272 populi
337 1211 384 1270 per
397 1192 539 1251 inscitiam
555 1210 654 1270 parum
670 1192 812 1260 vitarent,
832 1209 903 1262 aut,

219 1272 271 1331 tbi
289 1273 398 1332 lubrico
415 1273 485 1341 viae,
502 1271 548 1331 vel
568 1291 686 1330 occursu
702 1270 820 1348 alicujus
841 1291 905 1351 pro·

220 1353 375 1424 cidissent,
393 1350 430 1411 ad
449 1356 591 1436 jurgium,
612 1373 681 1410 mox
698 1350 734 1410 ad
751 1371 853 1412 manus
875 1361 904 1413 δι

220 1433 324 1493 ferrum
354 1435 509 1493 transirent.
538 1433 618 1509 Quin
644 1440 672 1492 &
702 1433 808 1491 tribuni
837 1454 905 1513 prx-

220 1514 344 1595 fenique
364 1535 429 1572 cum
451 1533 555 1573 terrore
574 1522 792 1574 &armatorum
814 1532 910 1588 caret-¹

220 1598 265 1657 vis
284 1595 455 1656 volitabant.

261 1675 462 1737 LXXXIX.
493 1675 555 1756 Ipse
581 1675 739 1745 Vitellius,
770 1696 787 1734 a
817 1694 909 1755 ponte

220 1758 350 1831 Milvio,
375 1757 479 1841 insigni
500 1777 596 1839 equo,
617 1755 765 1837 paludatus
784 1758 903 1816 accinc-

220 1860 341 1923 tusque,
354 1859 482 1901 senatum
494 1839 668 1919 &populum
680 1856 744 1897 ante
758 1858 786 1897 se
798 1858 905 1921 agens,

221 1924 393 2003 quominus,
412 1940 443 1980 ut
463 1939 595 2001 captam,
618 1920 717 1979 urbem
737 1920 904 2003 ingredere-

220 2021 283 2075 tur,
297 2004 454 2063 amicornm
473 2002 594 2061 consilio
607 2001 770 2071 deterritus,
791 2000 906 2082 sumptis

221 2082 372 2165 praetextd,
393 2086 599 2163 &composito
623 2084 756 2165 agmine,
779 2083 905 2145 incessit.

222 2165 354 2241 Quatuor
381 2164 528 2247 legionum
558 2164 658 2245 aquilae
684 2184 733 2243 per
756 2162 906 2237 frontem,

223 2246 399 2328 totidemque
412 2244 513 2305 circite
530 2245 689 2329 legionibus
706 2246 768 2304 aliis
783 2247 906 2317 vexilla,

223 2349 292 2387 mox
313 2326 464 2387 duodecim
479 2328 587 2387 alarum
607 2328 706 2410 signa,
721 2335 748 2387 δι
767 2324 830 2405 post
850 2348 904 2408 pe-

224 2408 316 2470 ditum
340 2408 474 2478 ordines,
500 2428 583 2490 eques
608 2430 614 2465 :
641 2408 706 2467 dein
728 2426 851 2489 quatuor
878 2418 914 2475 δε,

223 2493 341 2574 triginta
368 2487 519 2560 cohortes,
546 2508 576 2549 ut
602 2490 722 2549 nomina
752 2490 905 2571 gentium,

223 2592 274 2632 aut
302 2572 405 2652 species
439 2591 583 2630 armorum
617 2570 739 2639 forent,
768 2569 906 2632 discretae.

223 2652 300 2714 Ante
321 2651 446 2732 aquilam
465 2651 587 2732 prxfedli
606 2650 756 2711 castrorum
776 2651 905 2710 tribuni-

224 2754 298 2815 que,
314 2742 340 2793 &
356 2732 440 2813 primi
451 2737 644 2794 centurionum
655 2780 664 2804 ,
677 2730 797 2793 candidi
808 2730 884 2791 veste
897 2754 906 2790 ε

224 2816 310 2881 ceteri
321 2818 399 2895 juata
415 2836 495 2876 suam
507 2816 625 2899 quisque
635 2815 806 2891 centuriam,
819 2814 907 2877 armis
