2100 3650
251 332 316 417 318
373 288 409 396 C,
439 327 591 398 Coun.
624 290 829 397 Taurii

244 448 410 507 consuleret.
445 446 587 530 Legiones
615 449 773 517 victrices,
799 466 875 508 sexta
898 456 925 509 st

246 532 371 599 odava,
394 528 614 588 Vitellianarum
643 530 885 600 unaetvicesima,
903 533 927 586 'e

245 609 342 673 recens
359 610 522 689 conscriptis
536 608 677 680 secunda,
695 610 831 680 Peninis‚
853 610 929 671 Cot-

248 692 387 771 tianisque
419 690 565 771 Alpibus,
595 712 657 770 pars
682 710 780 749 monte
810 690 925 758 Graio,

249 772 439 833 traducuntur.
469 770 691 849 Quartadecima
716 771 793 851 legio
826 792 843 830 e
870 772 930 831 Bri·

248 854 367 923 tannia,
385 872 461 913 sexta
481 874 514 911 ac
537 852 647 912 decima
668 874 701 911 ex
721 852 863 931 Hispania
883 874 930 913 ac·

249 934 319 1001 citae.
343 934 433 1027 Igitur
459 934 595 993 venientis
621 930 757 992 exercitiis
777 932 879 1004 fami,
903 944 930 993 &

248 1032 347 1093 suopte
364 1016 480 1107 ingenio
497 1014 534 1073 ad
555 1015 669 1073 mitiora
681 1015 850 1073 inclinantes
861 1014 932 1084 Gal-

249 1094 352 1155 liarum
384 1096 533 1168 etvitates,
560 1097 591 1154 in
621 1095 728 1154 Remos
763 1116 928 1155 convenere.

248 1174 437 1235 Treverorum
474 1176 580 1257 legatio
618 1176 676 1234 illic
710 1177 931 1255 opperiebatur,

248 1258 387 1317 acerrimo
414 1254 575 1317 instinilore
599 1255 669 1315 belli
693 1256 793 1326 Tullio
815 1259 930 1317 Valen-

250 1338 321 1397 tino.
337 1338 364 1399 Is
378 1336 514 1397 meditati
527 1339 676 1409 oratione,
690 1342 806 1409 cuneta,
820 1342 933 1421 mugnis

249 1420 377 1497 imperiis
394 1418 531 1498 objeeiati
549 1420 648 1491 solita,
668 1420 931 1501 contumeliasque,

249 1508 278 1560 δι
302 1498 440 1559 iuvidiam
466 1502 495 1559 in
516 1501 653 1580 populum
673 1500 842 1559 Romanum
861 1498 935 1560 effu-

251 1578 294 1639 dit
306 1602 316 1650 3
339 1578 466 1639 turbidus
494 1580 646 1640 miscendis
675 1581 885 1654 seditionibus,
906 1591 933 1643 dc

250 1662 388 1741 plerisque
400 1681 493 1743 gratus
502 1662 616 1721 vecordi
627 1660 767 1722 facundii.

293 1742 400 1801 LXIX.
420 1742 459 1801 At
476 1743 566 1803 Julius
582 1744 714 1823 Auspex,
729 1764 744 1801 c
762 1744 935 1824 primoribus

213 1899 214 1903 ἵ
251 1821 426 1895 Remorum,
448 1827 507 1886 uim
525 1824 698 1896 Romanam,
713 1828 843 1903 pacisque
862 1827 937 1886 bona

253 1904 402 1966 dissertans
425 1909 543 1965 &sumi
565 1906 662 1966 bellum
686 1909 769 1965 etiam
794 1907 829 1965 ab
855 1910 939 1986 ignag

242 1989 321 2056 νίς,
345 1989 532 2067 strenuissimi
554 1990 678 2069 cuq'usque
704 1989 825 2062 periculo
848 1991 936 2066 geri,

245 2067 359 2148 jamque
383 2091 464 2142 super
485 2088 565 2142 caput
590 2071 728 2148 legiones,
755 2071 938 2148 sapientissi-'

208 2206 210 2214 s
255 2168 335 2205 mum
354 2169 495 2230 quemque
519 2148 670 2209 reverentii
687 2147 937 2229 fideque‚Junio-

254 2248 296 2286 tes
315 2229 438 2306 periculo
456 2251 489 2288 ac
505 2250 582 2291 metu
599 2232 745 2290 continuit.
764 2231 801 2290 Et
816 2232 847 2289 V
849 2232 935 2291 alen·

256 2310 309 2368 tini
321 2311 449 2368 animum
467 2311 638 2382 laudabant,
657 2312 806 2369 consilium
822 2313 935 2392 Auspi-

257 2391 305 2449 cis·
316 2390 508 2471 sequebantur.
526 2390 647 2453 Constat
668 2391 807 2450 obstitisse
824 2392 937 2452 Treve-

257 2473 293 2529 ris
315 2471 549 2556 Lingonibusque
575 2472 649 2553 apud
673 2473 802 2544 Gallias,
832 2471 940 2554 quod,

256 2551 388 2612 Vindicis
414 2573 513 2626 motu,
538 2575 603 2614 cum
626 2555 766 2636 Verginio
793 2552 941 2615 steterant*

257 2629 399 2693 Deterruit
422 2633 568 2715 plerosque
600 2637 806 2715 provinciarum
840 2657 935 2694 aemu-

258 2712 327 2770 latio
349 2737 356 2770 t
376 2719 447 2792 quod
465 2716 534 2774 bello
560 2721 665 2792 caput?
686 2719 754 2774 unde
767 2718 818 2796 jus
837 2719 937 2790 auspi-

258 2793 377 2873 ciuemque
382 2798 681 2875 peteretur3quam,si
690 2802 783 2875 cunila
788 2801 937 2872 provenis·
