2100 3650
205 234 520 340 Hirronrnnun
544 267 630 337 ltu.
656 267 688 336 Ι.
739 291 783 359 73

104 383 254 459 insistens,
282 389 409 468 precibus
433 399 461 452 δι
483 389 616 469 lacrymis
636 410 710 473 aegre
737 411 792 450 co·

106 467 205 539 hibuit
224 492 241 534 t·
252 469 447 552 redieruntque
469 473 500 532 in
519 470 606 533 castra
625 471 730 543 inviti,
747 493 795 532 ne·

106 571 164 632 que
185 553 359 612 innocentes.
384 551 497 614 Posteri
520 549 588 625 die,
611 553 690 614 velut
711 551 796 634 capti

105 633 198 706 urbe,
226 633 324 692 elausae
346 633 468 705 domus,
491 655 569 694 rarus
594 654 642 714 per
661 638 722 695 vias
739 657 796 716 po·

106 714 214 796 pulus3
238 713 339 774 moesta
365 715 443 795 plebs
455 737 466 786 3
498 715 600 796 dejeeli
628 717 658 776 in
691 736 795 778 terrain

106 797 237 855 rnilitum
257 796 373 868 vultus,
397 819 430 858 ac
455 797 517 878 plus
541 795 678 869 tristitiae,
705 795 795 879 quim

108 878 293 958 ponitentiae.
307 877 513 959 Manipulatim
526 879 644 939 allocuti
656 894 722 942 sunt
735 880 794 941 Li·

108 960 204 1020 tinius
223 958 376 1031 Proculus,
396 959 550 1022 &Plotius
569 962 697 1031 Firmus,
718 981 793 1041 prae·

111 1039 182 1100 festi
202 1056 257 1099 :e'x
276 1063 327 1100 suo
344 1043 463 1126 quisque
482 1043 618 1126 ingenio,
636 1039 733 1104 mitius
745 1062 796 1106 aut

111 1117 262 1183 horridius.
278 1122 355 1184 Finis
376 1125 511 1184 sermonis
533 1126 563 1184 in
577 1145 634 1192 eo,
655 1143 687 1184 ut
705 1127 797 1204 quina

111 1204 206 1264 millia
227 1201 377 1264 nummrim
399 1207 516 1288 singulis
541 1205 681 1266 militibus
697 1227 798 1266 nurne-

112 1305 246 1346 rarentur.
268 1284 347 1344 Tum
361 1283 443 1346 Otho
463 1287 580 1370 ingredi
588 1283 675 1349 castra
688 1308 769 1348 ausus
787 1311 796 1348 r

112 1386 199 1449 atque
212 1367 293 1426 illum
306 1367 411 1428 tribuni
426 1370 657 1452 centurionesque
668 1370 793 1430 circum·

112 1447 232 1520 sistunt,
248 1449 365 1528 abjeilis
383 1449 491 1511 militiae
508 1451 687 1535 insignibus,
708 1452 797 1512 otium

115 1529 274 1608 &sulutem
289 1532 457 1614 flagitantes.
471 1531 565 1592 Sensit
578 1531 719 1594 invidiam
733 1535 796 1592 mi·

110 1614 175 1684 les,
207 1621 236 1689 δι
266 1614 437 1693 compositus
463 1614 494 1672 in
521 1615 714 1696 obsequium,
740 1637 796 1673 au·

114 1703 199 1762 tiores,
219 1695 365 1756 seditionis
376 1696 600 1772 ‘ad-supplicium
616 1697 690 1757 ultro
705 1694 799 1776 postu·

113 1777 202 1837 labat.
867 1786 869 1790 ’

65 1902 67 1909 .
125 1852 132 1865 ’
156 1857 333 1919 LXXXIIL·
349 1856 456 1930 Otho,
481 1879 657 1940 quatnquam
681 1858 800 1921 turbidis

71 1979 74 1984 -
113 1942 214 2013 rebus,
236 1941 397 2001 &diversis
422 1941 546 2001 militum
566 1941 690 2013 animis,
709 1962 798 2023 quum

112 2025 242 2103 optimus
258 2026 377 2104 quisque
394 2023 540 2083 remedium
552 2023 698 2098 presentis
713 2024 799 2083 licen·

115 2107 164 2165 tiae
185 2123 331 2186 posceret3
353 2104 475 2188 vulgus,
497 2113 524 2165 &
546 2105 656 2185 plures,
675 2105 797 2173 seditio-
870 2150 874 2154 -

26 2190 33 2237 ’ν
114 2188 201 2247 nibus
221 2187 419 2247 &ambitioso
436 2188 558 2265 imperio
576 2188 652 2258 letti,
672 2208 721 2266 per
734 2208 797 2247 tur·

115 2268 166 2331 bas
187 2278 215 2329 &
230 2289 323 2349 raptus
343 2266 451 2329 facilius
465 2268 502 2328 ad
517 2269 600 2327 civile
616 2268 723 2327 bellurn
742 2272 800 2329 im-

114 2352 286 2432 pellerentur
315 2374 323 2407 :
355 2347 439 2409 siniul
469 2370 599 2430 reputans
631 2372 690 2409 non
719 2358 801 2430 posse

116 2434 209 2515 princi
230 2452 309 2493 atum
331 2478 340 2503 ,
370 2432 470 2493 'scelere
490 2434 674 2512 quaesitum,
708 2430 801 2492 subiti

116 2515 204 2575 mode
231 2513 273 2585 l,
289 2523 315 2574 &
334 2512 423 2653 Enseu
441 2514 577 2597 gravitate
591 2514 704 2573 retineri
722 2537 729 2572 ε
750 2513 800 2575 sed

116 2597 282 2657 discrimine
302 2616 334 2655 ur
354 2598 393 2667 is,
416 2596 586 2676 &periculo
606 2593 717 2655 senatis
741 2618 798 2655 an-

115 2682 178 2739 xius
189 2724 201 2748 ‚
217 2674 362 2757 postremi).
372 2678 412 2737 ita
432 2676 558 2737 disseruit
576 2700 583 2735 ε
598 2678 692 2755 Neque
710 2697 740 2737 ut
753 2680 799 2755 af·

108 2763 204 2841 filius
224 2762 325 2842 vestros
348 2760 378 2819 in
401 2780 516 2821 amorem
537 2759 591 2820 m'ei
609 2762 799 2830 accenderem,

162 2842 246 2904 Tum.
268 2842 327 2911 III.
570 2934 575 2941 ι
624 2841 653 2899 D
