2100 3650
198 285 506 356 Htsrotrnnun
521 283 654 355 Ltus.
715 299 773 377 7¹³

85 406 263 466 ornamentis
284 404 423 466 donantur
445 428 453 464 t
479 405 545 466 laeto
568 402 710 474 Othone,
737 415 774 467 &-

86 488 213 569 gloriam
236 487 266 546 itt
287 507 315 546 te
336 483 487 558 trahente,
510 505 649 563 tamquam
666 483 767 561 &ipse

78 569 159 648 felix
170 568 259 638 bello,
272 565 298 630 d
309 569 370 628 suis
385 568 496 628 ducibus
512 569 622 646 suisque
641 568 769 629 exerciti·

87 645 137 710 dus
153 649 271 724 rempub.
293 651 427 709 auxisset.

129 730 255 790 LXXX.
272 728 363 791 Parvo
379 731 491 790 interim
509 731 617 801 initio,
636 729 711 792 unde
724 731 769 790 ni·

86 809 131 870 hii
155 813 331 884 timebatur,
352 831 413 872 orta
440 811 569 882 seditio,
593 812 679 891 prope
704 811 770 873 urbi

87 893 203 960 excidio
239 891 301 954 fuit.
336 893 635 962 Septimamdecimam
658 889 767 952 cohor·

87 994 148 1034 tem
159 1023 171 1046 ,
194 997 208 1034 e
231 977 342 1040 colonia
360 973 503 1046 Ostiensi,
523 976 554 1034 in
571 974 669 1037 urbem
683 977 770 1036 acciri

88 1055 177 1124 Otho
196 1062 309 1136 jusserat
330 1055 496 1118 :armandae
515 1060 573 1134 ejus
589 1077 654 1116 cura
676 1057 770 1116 Vario

89 1137 256 1220 Crispino,
278 1139 390 1200 tribuno
416 1159 432 1197 e
465 1138 665 1219 praetorianis,
690 1136 770 1200 data.

87 1218 117 1280 Is
138 1267 151 1293 ‚
189 1218 248 1302 qui)
262 1217 361 1304 'magis
382 1241 505 1289 vacuus,
530 1219 632 1300 quietis
652 1217 769 1292 castris,

88 1306 165 1383 jussa
186 1323 394 1384 exsequeretur,
411 1299 541 1366 vehicula
562 1297 708 1371 cohortis,
727 1303 775 1362 iu·

90 1385 217 1464 cipiente
245 1387 356 1455 nodie,
383 1385 515 1454 onerari,
544 1401 641 1462 aperto
670 1403 770 1444 uma-

90 1469 253 1536 mentatio,
263 1467 341 1545 jubet
358 1488 365 1524 t
382 1485 490 1542 tempus
511 1465 542 1524 in
560 1465 770 1542 suspicionem

92 1568 179 1608 causa
199 1549 231 1608 in
253 1549 381 1618 trimen3
400 1541 544 1606 uffediutio
561 1545 662 1626 quietis
675 1547 705 1626 in
718 1564 769 1604 tu-

90 1630 217 1694 multum
237 1629 366 1690 evaluitt
385 1637 413 1692 δι
433 1631 493 1688 visa
513 1628 584 1688 inter
601 1627 772 1688 temulentos

90 1733 196 1782 arma,
217 1710 378 1790 cupidinem
394 1711 436 1772 sui
454 1729 576 1776 movere.
593 1707 698 1766 Fremit
717 1709 774 1769 rni-

91 1793 155 1867 les,
185 1802 212 1855 δι
239 1793 364 1853 tribunos
388 1792 617 1871 centurionesque
631 1790 772 1864 proditio·

91 1878 139 1937 uis
158 1876 270 1957 arguits
291 1894 427 1953 tamquam
434 1872 557 1952 familia
572 1888 726 1937 serratorum
737 1874 777 1933 ad

87 1959 243 2033 perniciem
260 1956 383 2023 Othonis
400 1971 593 2015 armarentur.-
607 1972 669 2031 pars
682 1954 778 2037 ignari

92 2047 122 2103 δὲ
142 2042 216 2099 vino
240 2060 358 2122 grevest
383 2038 516 2117 pessimus
535 2035 653 2116 quisque
669 2034 699 2093 iri
716 2055 773 2093 oc·

93 2122 244 2199 cntionem
256 2120 410 2201 praedarurn
432 2143 440 2179 t
459 2118 580 2199 vulgus,
596 2135 627 2177 ut
645 2136 708 2177 tuos
718 2112 774 2188 est,

94 2208 298 2283 cujuscumque
326 2200 420 2261 motits
448 2202 517 2259 novi
541 2196 675 2277 cupidum
700 2222 708 2257 :
746 2206 776 2259 dc

94 2286 237 2365 obsequia
256 2285 405 2345 meliorum
424 2304 481 2341 nor
500 2277 657 2343 abstulerat.
679 2279 777 2339 Resis-

94 2380 206 2431 tentem
228 2364 362 2425 seditioni
388 2364 553 2432 tribunum,
582 2370 610 2421 dt
635 2361 777 2422 severissi-

95 2470 163 2509 mos
190 2449 387 2507 centurionum
410 2444 578 2508 obtruncant
598 2464 606 2499 r
628 2461 707 2521 rapta
729 2462 777 2501 ar·

96 2550 165 2601 tna,
177 2528 278 2589 nudati
287 2528 396 2612 gladii,
415 2526 567 2590 insidentes
582 2524 660 2606 equis
676 2520 776 2589 urbem

95 2634 131 2673 ac
152 2610 294 2690 palatium
314 2624 420 2689 petunt.

101 2732 105 2739 ·
138 2692 283 2752 LXXXI.
309 2692 378 2751 Erat
404 2686 518 2751 Othoni
544 2686 651 2747 celebre
677 2688 801 2747 convi-·

97 2778 202 2848 tium,
225 2774 394 2856 primoribus
417 2770 531 2854 femittis
550 2770 696 2853 virisque3
726 2768 780 2851 qui
