2100 3650
223 331 533 401 HraTonrAaunt
543 327 627 398 Lrn.
644 325 689 398 V.
719 350 783 419 353

110 450 263 511 auxiliariis
287 447 449 509 cohortibus
470 449 592 509 frontem
618 448 733 528 explet3
757 450 789 509 in

72 554 76 559 ·
110 531 234 593 secunda
252 533 311 590 acie
328 532 453 613 legiones
466 532 583 590 locata:
599 530 655 589 dux
673 530 728 588 sibi
740 528 792 587 de-

110 614 201 671 leelos
240 614 389 671 retinuerat
421 611 457 670 ad
495 613 657 690 improvisa.
686 610 790 671 Civilis

110 690 190 752 haud
213 696 339 771 porrecto
366 693 501 774 agmine,
522 694 570 751 sed
592 693 685 751 cuneis
708 689 792 750 adsti-

111 776 156 833 tit.
181 774 281 833 Batavi
304 774 485 856 Cugernique
505 774 537 832 in
563 771 791 849 dextr031aevaj,

110 876 146 914 ac
176 858 307 935 propiora
337 856 460 913 fluminis
472 899 481 925 ‚
510 850 720 914 Transrhenani
744 870 791 912 te·

110 956 207 995 nuere.
221 933 391 995 Exhortatio
408 934 531 1005 ducum,
546 958 604 995 non
620 955 700 995 more
716 956 790 994 corr·

112 1018 205 1076 tionis
219 1016 292 1097 apud
305 1018 465 1087 universos,
480 1016 573 1075 redut
587 1034 714 1098 quosque
727 1036 795 1075 sno-

112 1118 177 1157 rum
203 1095 420 1157 advehebantur.
449 1096 573 1157 Cerialie
598 1114 715 1159 veterem
736 1096 794 1155 Ros

113 1180 192 1237 mani
201 1179 322 1237 nominis
333 1179 468 1257 gloriam,
480 1180 608 1254 antiquas
626 1196 793 1255 recentesque

112 1260 248 1321 villerias
270 1283 280 1317 .·
303 1278 332 1317 ut
350 1256 503 1337 perfidum,
524 1260 673 1337 ignavum,
693 1256 795 1320 vilium

113 1340 233 1422 hostem,
262 1340 292 1399 in
317 1358 443 1399 eternum
473 1342 625 1399 exciderent
653 1364 663 1397 .·
692 1338 795 1398 ultione

114 1422 232 1501 mergis,
257 1420 336 1499 quim
353 1420 453 1495 proelio
471 1442 539 1496 opus
559 1442 626 1481 esse.
645 1420 795 1481 Paneiores

115 1506 205 1577 nupe'r
212 1502 403 1577 cumpluribus
415 1520 533 1561 certasse
544 1524 598 1561 :ae
613 1520 701 1562 tamen
711 1503 796 1580 fitsos

120 1584 292 1653 Germanos,
311 1586 381 1661 quod
400 1583 503 1643 roboris
514 1584 613 1661 fiterit.
631 1582 795 1657 Superesse,

117 1667 167 1743 qui
172 1666 271 1743 fugam
282 1666 403 1735 animis,
418 1667 465 1742 qui
480 1666 596 1727 vulnera
609 1682 683 1742 tergo
688 1665 795 1741 ferant.

118 1744 249 1823 Proprios
271 1742 336 1803 inde
361 1742 486 1807 stimulos
508 1746 668 1828 legionibus
691 1744 795 1803 admo·

116 1827 225 1897 vebat,
246 1827 389 1885 domitores
405 1827 560 1886 Britanniee
578 1822 794 1903 quartadecima-

119 1929 172 1966 nos
193 1907 336 1987 appellans
364 1930 371 1962 ι
397 1909 550 1981 principem
571 1907 690 1966 Galbam
716 1925 800 1966 serene

121 1990 240 2069 legionis
269 1989 427 2048 aueloritare
443 1982 550 2067 sathon
575 2012 585 2047 :
607 1989 660 2046 ille
678 1985 799 2061 primtlm

120 2073 179 2130 acie
189 2074 355 2130 secundanos
366 2092 439 2130 nova
448 2070 548 2148 signa,
559 2090 706 2145 novamque
718 2069 798 2146 aqui·

120 2153 179 2210 lam
197 2154 344 2212 dicaturve.
365 2151 442 2210 Hinc
459 2153 607 2230 praevectus
628 2149 665 2208 ad
681 2149 801 2210 Germa·

50 2283 55 2292 .
121 2236 219 2294 uicum
251 2233 422 2303 exercitum,
452 2253 551 2304 manus
583 2230 739 2301 tendebat,
769 2248 800 2290 ue

121 2337 202 2375 suam
222 2314 328 2388 ripam,
350 2335 400 2372 sua
424 2314 507 2394 castra
531 2313 664 2391 sanguine
686 2311 800 2392 hostiurn

124 2398 311 2470 reciperarent.
345 2393 472 2452 Alacrior
507 2395 636 2452 omniurn
671 2393 799 2461 clamor,

124 2479 188 2556 quis
205 2477 250 2535 vel
269 2497 283 2534 e
304 2477 391 2556 longa
413 2495 481 2555 pace
502 2475 594 2554 ptoelii
611 2472 736 2552 cupido,
754 2473 800 2531 vel

124 2557 204 2618 fessis
229 2558 303 2616 bello
335 2558 411 2633 pacis
440 2577 542 2626 amor,
573 2555 742 2634 premiaque
773 2561 802 2614 δι

126 2639 204 2720 quies
218 2639 248 2698 in
262 2637 400 2718 posterum
415 2638 604 2715 sperabantur.

165 2717 293 2778 XVII.
325 2718 387 2777 Nec
416 2717 519 2778 Civilis
551 2717 678 2776 silentem
705 2714 802 2775 struxit

126 2802 238 2872 aciem,
252 2800 347 2878 locum
361 2820 461 2884 pugnae
472 2799 569 2860 testem
584 2799 692 2861 virtutis
705 2799 802 2858 cient:
