2100 3650
264 294 332 377 336
361 280 397 359 C.
417 282 506 359 Coa.
528 289 631 357 Tne.
647 290 732 357 Ηιι.
750 289 788 357 L.
804 282 871 359 IV.

262 409 358 478 ιιὶαιιι,
379 406 545 487 benignitate
563 407 659 477 deine,
672 408 769 485 frabiae
780 410 857 469 vires
873 408 942 469 ios·

262 490 330 548 tium
348 489 468 566 forent·
454 532 465 561 ,
488 510 587 562 parunt
609 489 700 548 decori
723 488 943 561 Domitianum,

262 571 377 647 confelio
387 572 537 651 propel
458 569 569 640 bello,
587 570 684 629 alienu
692 570 808 648 glorie
795 590 943 630 interven·

262 668 359 709 turum.
377 648 412 708 Si
418 651 536 745 flatus'
524 654 651 729 ιιιιιιιὶἰ,
666 669 714 709 aut
730 653 808 711 salus
828 652 914 711 Gall
901 674 945 711 tn·

262 733 362 790 nemin
382 732 539 790 discrimine
556 746 722 801 verteretur,
736 732 861 792 debuisse
885 736 946 793 Coe·

261 834 351 871 sarem
361 835 391 871 nt
404 813 561 893 aciesiare:
576 813 946 891 CaninefhtesBatavosque

261 893 410 953 minorihus
427 893 538 951 ducibus
547 895 716 972 delegandos
732 895 794 968 ipse
810 895 943 974 Lugduni

260 976 321 1037 νίιιι
337 975 529 1053 fhnunamque
541 976 711 1048 ρήιιιὶραιιίι
725 998 740 1034 e
751 976 884 1049 proximo
897 999 945 1036 os·

261 1074 393 1126 tentaret,
412 1078 459 1114 net
472 1058 573 1129 parvis
582 1057 744 1130 periculis
732 1060 897 1127 amntixtus,
912 1054 943 1118 ἃ

261 1160 317 1218 ancy
312 1137 410 1196 oribus
428 1159 481 1195 non
497 1137 645 1213 defluunts.

299 1162 469 1277 LXXXVI
497 1216 730 1311 intelligebantur
758 1236 865 1279 artes.
892 1220 944 1280 sed

256 1320 325 1381 pars
343 1298 412 1358 obse
434 1300 473 1357 nii
496 1300 526 1357 in
553 1318 609 1369 eo,
641 1320 677 1359 ne
699 1297 945 1379 deprehenderen-

261 1398 332 1439 tut:
357 1380 396 1438 ita
414 1320 609 1461 iugdunum
606 1400 732 1439 ventum
748 1381 835 1441 Unde
852 1383 944 1441 credi-

261 1478 306 1519 tur
316 1461 518 1530 Domitianus,
529 1461 646 1521 occultis
657 1460 694 1520 ad
705 1460 851 1521 Cerialem
870 1484 944 1523 nun-

262 1543 328 1612 ciis,
340 1539 426 1599 fidem
445 1546 504 1618 ejus
514 1544 682 1613 tentavisse,
693 1565 731 1601 nn
740 1562 872 1617 prasenti
868 1546 942 1605 sibi

260 1624 408 1683 exercitum
436 1618 628 1701 imperiumque
653 1589 803 1684 tr’auieunn
822 1626 939 1704 flaret:

260 1704 329 1786 qua
345 1705 518 1799 cogitatione
543 1704 650 1765 beilum
676 1704 806 1765 adversus
828 1726 938 1786 patrem

260 1788 432 1880 agitaverit,
452 1806 489 1846 an
506 1805 574 1866 opes
587 1787 715 1868 viresqne
731 1786 863 1848 adversus
878 1788 939 1853 fra·

261 1887 352 1939 trem,
370 1871 400 1928 in
417 1869 522 1927 incerto
537 1867 613 1927 fuit·
630 1889 698 1929 nam
716 1867 838 1930 Cerialis
855 1871 936 1930 saiu-

260 1948 305 2007 bri
328 1968 549 2030 temperamento
564 1950 665 2021 elusit,
688 1969 719 2009 ut
741 1972 815 2011 vana
838 1953 936 2032 pueti-

259 2031 323 2089 litet
344 2033 511 2110 cupientem.
532 2031 715 2090 Domitianus
734 2034 826 2110 sperni
851 2053 868 2092 a
893 2055 936 2092 se·

258 2112 411 2170 niniibus'
404 2130 548 2190 Juventam
567 2131 648 2170 snam
667 2131 802 2184 temtus,
823 2113 936 2175 modica

260 2212 374 2272 quoque
397 2202 425 2253 &
450 2209 579 2272 usurpata
597 2209 680 2252 antea
704 2196 802 2252 munia
824 2197 935 2274 imperii

257 2273 429 2332 omittebat
421 2275 633 2352 ‚simplicitatis
650 2294 683 2334 ac
706 2273 874 2336 modestiae
866 2297 935 2336 tma-

258 2357 347 2438 gine,
362 2355 392 2414 in
407 2315 584 2416 aititudinem
600 2355 745 2426 conditus,
747 2348 933 2453 studiumque

261 2439 437 2508 litteratum,
463 2445 491 2498 δι
516 2457 644 2496 amorem
667 2439 824 2497 carminum
847 2441 934 2499 simn-

257 2520 338 2588 ians,
353 2539 411 2598 quo
397 2515 525 2578 velaret
538 2521 684 2589 animum,
701 2527 728 2579 &
738 2517 830 2579 fratris
843 2541 931 2580 aetnn·

210 2623 214 2632 ⁴
260 2600 362 2657 lationi
374 2599 583 2671 subduceretur,
596 2605 673 2679 cujus
683 2599 822 2679 disparem
833 2603 931 2661 mitio·

260 2699 376 2764 temque
389 2699 518 2744 naturam
536 2681 633 2742 contai
651 2681 888 2760 interpretabatur.

523 2819 528 2824 ’
603 2801 926 2907 ιιινιιιιιιιιι
