2100 3650
229 397 297 466 ¹50
351 373 807 443 C.C0RN.TA01T11

167 565 170 572 Ι
226 497 358 640 ἳιιειηινὶε
380 494 513 554 Judaicus
535 493 669 552 exercitus
685 493 786 573 quinto
807 489 922 554 Nonas

246 578 317 637 ulios
342 573 417 652 apud
443 576 536 654 ipsum
566 577 700 651 jurasset,
730 593 765 631 eo
790 571 921 648 ardore,

228 676 316 718 utne
343 656 426 715 Titus
447 655 564 736 quidem
592 652 664 714 filius
687 656 921 733 exspectaretur,

228 738 311 817 Syriis
329 757 474 808 remeans,
494 745 522 796 &
542 736 725 794 consiliorum
745 736 816 794 inter
833 736 920 796 Mu-

230 821 345 878 cianum
367 839 400 878 ac
419 837 527 898 patrem
552 818 670 876 nundus
697 839 704 873 ι
728 817 827 876 cundia
846 817 922 878 im-

229 918 297 982 petu
314 900 439 958 miiitum
455 902 517 958 adia
538 919 620 958 :non
636 895 733 978 parati
754 897 922 973 concione,

229 1002 290 1042 uon
310 982 467 1060 conjundtis
488 980 663 1063 legionibus.

271 1061 394 1122 LXXX.
404 1062 485 1122 Dum
494 1059 928 1155 queriturtempus,locusque,

231 1142 365 1224 quodque
379 1144 410 1203 in
422 1163 452 1202 re
470 1143 521 1203 tali
537 1141 737 1202 difficillimum
749 1139 805 1210 est,
820 1162 922 1223 prima

230 1245 308 1297 νοις
326 1224 395 1284 dum
413 1226 511 1286 animo
528 1243 609 1304 spes,
628 1224 736 1292 timor,
750 1223 840 1293 ratio,
864 1245 923 1286 ca-

191 1371 197 1378 ,
231 1327 278 1366 sus
298 1307 481 1366 obversantur
492 1327 502 1376 3
521 1324 663 1387 egressum
683 1303 813 1364 cubiculo
830 1304 920 1367 Ves-

232 1389 397 1465 pasianum,
416 1389 498 1466 pauci
516 1385 636 1457 milites,
651 1386 738 1445 solito
752 1383 922 1450 adsistentes

140 1491 143 1496 ·
231 1467 347 1540 ordine,
361 1487 391 1527 ut
404 1469 531 1546 legatum
546 1467 709 1538 salutaturi,
723 1467 923 1542 imperatorem

230 1550 393 1610 salutavere.
418 1549 497 1609 Tum
523 1551 607 1608 ceteri
629 1569 791 1620 accurrere,
822 1552 927 1616 Cesa-,

191 1680 194 1687 .
231 1653 309 1700 rem,
331 1640 358 1690 &
378 1629 548 1712 Augustum,
569 1639 597 1690 &
619 1632 718 1690 omnia
740 1632 830 1712 princi
849 1631 922 1695 attis

231 1712 374 1773 vocabula
394 1713 536 1772 cumulare
556 1735 563 1768 :
583 1731 662 1771 mens
679 1733 696 1771 a
710 1729 788 1772 metu
803 1651 848 1773 ad
853 1711 923 1774 for-

231 1810 331 1855 tunam
350 1795 502 1855 transieras
523 1793 558 1855 In
574 1794 636 1874 ipso
659 1789 733 1855 nihil
754 1793 922 1871 tumidum,

231 1896 384 1960 arrogans,
402 1896 449 1937 aut
461 1878 491 1936 in
508 1876 590 1935 rebus
607 1876 688 1935 novis
704 1895 812 1937 novum
832 1875 892 1937 fuit
910 1902 920 1939 ι

233 1977 266 2017 ut
293 1956 414 2037 primrim
444 1976 528 2018 tante
556 1955 745 2016 multitudinis
779 1957 922 2020 obfusam

233 2041 324 2101 oculis
339 2040 491 2121 caliginem
512 2038 639 2117 disjecit,
654 2038 813 2099 militariter
833 2040 922 2103 locu-

232 2138 300 2191 tus,
320 2121 383 2179 heta
402 2122 523 2189 omnia,
547 2129 574 2179 &
601 2117 753 2179 adfluentia
776 2122 888 2203 excepit
910 2146 919 2184 ε

233 2222 358 2281 namque
388 2200 416 2259 id
442 2203 534 2281 ipsum
565 2202 710 2280 opperiens
737 2200 919 2277 Mucianus,

233 2282 355 2341 alacrem
378 2283 497 2340 militem
521 2283 552 2341 in
573 2282 658 2341 verba
679 2283 849 2362 Vespasiani
865 2284 919 2345 ad-

196 2384 199 2390 ·
234 2364 302 2446 egit.
324 2362 404 2422 Tum
433 2359 669 2423 Antiochensium
699 2361 839 2425 theatrum
868 2366 919 2427 iu-

235 2464 356 2527 gressus,
374 2446 423 2503 ubi
439 2445 495 2503 illis
511 2445 666 2504 consultare
683 2466 745 2505 mos
767 2444 825 2517 est,
844 2468 918 2507 con-

234 2545 395 2596 currentes,
414 2534 442 2584 ὅ(
463 2527 494 2584 in
515 2525 709 2585 adulationem
729 2523 833 2586 effusos
856 2528 915 2587 ad-

234 2607 359 2687 loquitur
380 2629 387 2663 :
409 2606 476 2665 satis
497 2605 613 2667 decorus
635 2609 721 2667 etiam
741 2608 842 2669 Greci
863 2608 915 2670 fa-

236 2685 358 2758 cundii,
379 2689 565 2769 omniumque
587 2710 649 2769 quae
671 2687 803 2761 diceret,
830 2708 859 2749 at
880 2713 918 2750 ue

235 2786 354 2848 ageret,
385 2787 442 2827 arte
471 2769 609 2849 quadam*
632 2768 792 2831 ostentator.
830 2772 869 2829 Ni
895 2768 919 2833 ii

233 2851 313 2931 aeque
331 2852 506 2931 provinciam
532 2852 739 2935 exercitumque
761 2852 916 2926 accendit,
