2100 3650
254 293 323 375 164
385 286 423 356 C.
452 287 605 357 Coun.
637 287 835 356 TAcrrr

250 407 374 479 Fabios,
396 407 507 477 Icelos,
528 405 693 476 Asiaticos,
716 404 795 468 varii
815 414 848 466 &
877 425 937 486 pu·

252 487 345 548 dendi
379 506 452 547 sorte
483 487 588 546 aebat
600 509 611 557 3
644 486 734 546 donec
774 505 937 546 successere

249 568 423 641 Mucianus,
447 578 475 630 δι
539 568 673 638 arcellus,
703 577 731 628 &
759 569 858 650 magis
885 569 939 628 alii

251 647 401 720 homines,
421 648 507 730 quim
527 648 577 709 alii
600 669 702 708 mores.

249 793 253 799 ,
292 730 489 791 LXXXXVI.
503 731 598 790 Prima
609 729 730 789 Vitellio
743 725 830 789 tertia
843 731 938 808 legio·
976 787 984 802 ,

251 811 297 870 rtis
317 813 429 889 defedio
447 813 617 882 nunciatur,
641 812 733 870 missis
751 810 788 870 ab
810 811 936 888 Aponio

251 891 404 951 Saturnino
424 887 569 972 epistolis,
595 909 748 972 antequam
767 893 790 950 is
811 912 936 972 quoque

251 967 418 1052 Vespasiani
436 974 560 1052 partibus
581 991 786 1056 aggregaretur.
806 971 864 1032 Sed
885 994 937 1032 ne·

250 1075 306 1133 que
331 1054 460 1133 Aponius
480 1057 601 1125 cundia,
621 1071 651 1112 ut
671 1052 810 1131 trepidans
831 1073 864 1111 re
885 1075 935 1114 su-

251 1131 331 1204 biti,
355 1136 567 1214 perscripserat,
596 1143 623 1194 δι
650 1134 736 1192 amici
756 1133 935 1214 adulantes,

250 1213 364 1275 mollitis
389 1216 640 1294 interpretabantur
673 1237 681 1272 t
706 1215 787 1273 unius
811 1216 937 1292 legionis

250 1321 310 1356 eam
329 1296 491 1356 seditionem
498 1319 512 1370 ;
527 1297 621 1356 ceteris
637 1295 797 1354 exercitibus
812 1299 938 1376 constare

244 1379 339 1456 fidem.
367 1375 402 1435 In
431 1370 506 1436 bunc
535 1377 654 1436 modurn
681 1376 766 1436 etiam
793 1376 938 1442 Vitellius

250 1457 327 1537 apud
345 1456 451 1518 milites
471 1457 619 1528 disseruit,
642 1460 821 1539 praetorianos
840 1479 937 1538 nuper

252 1542 447 1598 exauctoratos
476 1541 646 1609 insedatus,
672 1561 690 1598 a
713 1539 807 1616 quibus
832 1540 937 1618 falsos

249 1641 370 1678 rumores
398 1620 541 1698 dispergi,
566 1644 613 1680 nec
637 1621 723 1678 ullum
745 1621 841 1681 civilis
863 1622 939 1682 belli

251 1704 369 1770 metum,
382 1698 581 1772 adseverabat,
599 1721 741 1780 suppresso
760 1703 937 1780 Vespasiani

251 1783 391 1852 nomine,
415 1790 443 1841 &
467 1784 548 1866 vagis
572 1803 620 1863 per
645 1782 742 1842 urbem
766 1783 936 1857 militibus,

253 1865 303 1946 qui
320 1881 461 1925 sermones
484 1866 582 1945 populi
605 1883 762 1924 coercerent
780 1888 788 1923 t
808 1865 839 1925 id
860 1887 937 1947 prae-

253 1947 367 2028 cipuum
387 1946 555 2005 alimentum
576 1944 659 2005 famae
679 1964 745 2005 etat.

293 2026 504 2086 LXXXXVII.
523 2026 637 2087 Auxilia
658 2047 753 2087 tomen
774 2048 788 2086 e
811 2027 938 2091 Germa·

252 2106 321 2177 nia,
341 2103 559 2189 Britanniaque,
583 2118 611 2169 &
635 2104 781 2188 Hispaniis
808 2111 936 2183 excivit,

251 2188 406 2270 segniter,
442 2198 469 2249 &
509 2192 701 2249 necessitatem
743 2189 936 2253 dissimulans.

251 2266 370 2329 Perinde
402 2268 489 2350 legati
516 2272 722 2351 provinciaeque
754 2271 936 2333 cundiaban-

252 2367 297 2422 tur
321 2372 329 2406 τ
353 2348 534 2410 Hordeonius
560 2350 696 2422 Flaccus,
720 2353 852 2433 suspestis
873 2358 937 2430 jam

252 2430 386 2503 Batavis,
415 2433 512 2491 anxius
537 2433 649 2511 proprio
674 2432 778 2503 bello,
811 2433 936 2495 Vedius

251 2511 392 2585 Bolanus,
406 2533 562 2593 numquam
576 2516 642 2574 satis
654 2512 750 2593 quierit
761 2511 910 2575 Britanni&
921 2538 933 2587 ς

252 2602 281 2657 ,ει
299 2611 411 2673 uterque
434 2594 564 2675 ambigui
588 2618 595 2652 t
616 2615 705 2675 neque
727 2615 760 2653 ex
784 2594 936 2676 Hispaniis

255 2674 475 2751 properabatur,
500 2676 578 2734 nullo
607 2694 667 2735 tunt
691 2675 732 2734 rbi
756 2676 896 2735 consulari
923 2700 933 2735 :

254 2753 340 2813 trium
361 2754 506 2838 legionum
533 2756 640 2840 legati,
668 2777 745 2839 pares
772 2761 858 2837 jure,
881 2768 932 2831 δι,
