2100 3650
191 265 257 330 208
314 262 351 331 C.
380 261 524 332 Coun,
556 264 742 334 Tacere

189 381 318 442 nondum
348 402 479 441 exsuetat.
505 383 533 441 Is
562 383 716 444 Valentem
744 386 864 446 comitet

190 483 359 543 exceptum,
382 486 416 522 ne
446 465 573 524 Galliam
592 465 798 524 Narbonensem
821 485 864 525 te-

189 566 260 603 mere
275 546 472 622 ingrederetur,
493 545 636 604 monendo
650 548 763 604 terruit:
777 547 864 606 sitnul

189 643 342 683 ceteromtn
368 624 436 685 fides
458 647 536 686 metu
562 625 712 688 infraffl:
738 645 864 707 namque

191 707 426 784 circumjeffls
404 709 529 766 civitates
550 727 710 786 procurator
731 709 864 768 Valerius

189 785 350 858 Paullinus,
368 786 490 848 strenuus
511 790 641 859 militiae,
656 799 683 848 δι
703 789 862 868 Vespasia-

190 887 229 927 no
250 887 314 926 ante
333 869 476 929 fortunam
496 872 624 941 amicus,
649 873 679 930 in
698 871 782 931 verba
804 875 864 978 ejus

179 947 243 1027 asle
264 968 331 1009 erat.
388 954 392 958 ’

261 1031 338 1091 LIII.
362 1030 548 1125 Concitisque
570 1033 719 1103 omnibus,
741 1035 790 1114 qui
809 1054 862 1092 ex-

190 1114 327 1175 austorati
347 1113 500 1174 aVitellio
516 1114 623 1174 bellum
644 1132 743 1193 sponte
763 1135 862 1172 suine·

190 1193 282 1266 bant,
311 1195 555 1271 Forojuliensem
560 1197 725 1265 coloniam,
749 1193 865 1255 claustra

156 1328 159 1332 .
173 1299 179 1311 ·
191 1277 296 1347 maris,
315 1277 449 1375 praesidio
460 1274 650 1348 tuebatur3
623 1297 658 1334 eo
672 1278 783 1358 gravior
796 1295 866 1336 auc-

191 1373 259 1426 tor,
286 1355 365 1436 quiid
384 1357 515 1416 Paullino
541 1359 629 1438 patria
647 1358 751 1416 Forum
773 1357 863 1429 Julii,

190 1444 219 1495 &
257 1434 349 1496 honos
385 1439 458 1516 apud
492 1441 706 1518 praetorianos,
743 1456 865 1519 quorum

211 1518 336 1577 nondam
353 1519 480 1578 tribunus
495 1519 593 1580 fuerat.
610 1520 723 1599 Ipsique
734 1521 863 1601 pagani,

189 1538 287 1659 Iavore
325 1600 519 1689 municipali,
546 1611 573 1660 &
608 1599 707 1660 futurae
733 1602 865 1680 potentiae

190 1701 260 1760 spe,
278 1686 373 1760 juvate
391 1701 481 1761 partes
494 1681 699 1742 adnitebantur.
722 1681 793 1758 Quat
815 1682 865 1740 ubi

191 1782 290 1845 paratu
310 1760 410 1835 firma,
432 1773 459 1823 δι
481 1767 562 1823 auita
582 1785 716 1832 rumore,
732 1761 806 1843 apud
816 1785 866 1824 va

189 1846 248 1905 rios
276 1807 497 1907 Vitellianorum
525 1848 637 1906 animos
669 1846 862 1905 increbuere·
851 1886 863 1915 ‚

190 1924 295 1987 Fabius
324 1929 431 1988 Valens
459 1950 523 1988 cum
547 1947 673 2021 quatuor
703 1927 864 2006 speculato-

190 2008 302 2078 ribus,
330 2018 357 2068 &
385 2010 473 2068 tribus
497 2010 617 2079 amicis,
647 2008 767 2068 totidem
794 2028 864 2067 cen·

193 2054 373 2161 tutionibus,
396 2088 432 2148 ad
453 2111 539 2150 naves
565 2088 740 2183 regreditur:
734 2088 864 2148 ·-Matu

187 2191 247 2241 ιο,
279 2173 430 2251 ceterisque
464 2192 640 2241 remanete,
669 2179 695 2229 &
722 2172 752 2229 in
778 2169 865 2230 verba

122 2258 131 2279 ’
191 2250 362 2332 Vespasiani
379 2251 458 2333 adigi
474 2252 635 2313 volentibus
652 2249 714 2312 fuit.
729 2249 881 2312 Ceterum.

191 2353 224 2394 ut
247 2354 325 2393 mare
350 2335 435 2394 tutius
456 2334 605 2403 Valenti,
634 2330 719 2413 quam
745 2333 871 2403 littora,

190 2434 242 2476 aut
268 2416 369 2486 urbes3
385 2418 424 2475 ita
447 2414 533 2475 futuri
550 2416 628 2474 ambi
650 2423 758 2485 uus,&
771 2414 865 2495 magis

193 2497 262 2577 quid
288 2499 408 2567 vitaret,
430 2517 529 2578 quam:
541 2498 585 2555 cui
577 2434 725 2566 fiIeret,
752 2514 865 2565 certus,

191 2574 309 2638 adversa
329 2575 490 2658 tempestate
507 2574 674 2637 Stoechadas
697 2541 865 2637 IlIassilien·

184 2661 266 2718 sium
287 2659 390 2717 insulas
409 2657 564 2718 adfertur:
586 2657 627 2717 ibi
650 2678 714 2717 eum
736 2658 867 2719 ruissaea

191 2738 323 2803 Paullino
346 2739 504 2801 Liburnicae
527 2758 694 2821 oppressere
