2100 3650
192 311 504 381 'Historiarum
520 310 606 377 Lts.
622 310 692 378 HI.
722 333 763 378 21·
771 321 791 398 3'

115 451 206 493 cetera
225 451 259 490 ex
278 429 372 502 facili,
393 452 441 492 seu
458 429 578 493 felicitas
595 430 626 490 in
646 431 697 490 tali
710 431 793 512 inge*

115 515 167 574 nio
185 513 355 583 avaritiam,
377 512 554 592 superbiam,
576 530 720 592 ceteraque
742 531 792 569 oc·

116 594 192 658 culta
212 594 289 655 mala
313 591 452 673 patefecit.
472 594 515 654 Ut
540 611 649 671 captam
677 591 794 652 Italiam

116 674 284 756 persultare5
309 694 339 734 ut
360 695 421 733 suas
442 673 569 756 legiones
589 673 699 743 colere3
720 685 815 732 om·‘

116 757 200 816 nibus
217 755 299 815 dietis
320 753 457 835 fastisque
476 755 537 814 vim
554 753 607 814 sibi
627 753 667 814 nd
686 773 790 832 poren-

23 913 26 920 .
118 837 189 899 tiam
213 834 312 894 struere
333 859 340 894 r
361 854 445 914 utque
462 835 576 898 licentii
595 835 712 894 militem
732 836 793 894 im·
840 877 843 882 ·

119 917 234 987 buetet,
259 915 468 976 interfee‘rorum
492 916 687 976 centurionum
716 914 795 976 ordi-

120 1020 170 1059 nes
183 998 342 1080 legionibus
359 993 497 1062 offerebat
511 1021 518 1054 ι
532 1018 566 1056 eo
585 993 720 1080 suffragio
740 1016 794 1058 tur·

121 1078 283 1139 bidissimus
299 1080 416 1159 quisque
436 1076 538 1138 delesti
562 1101 568 1138 t
589 1097 640 1137 nec
664 1078 745 1142 miles
763 1081 794 1138 in

120 1161 237 1221 arbitrio
258 1158 376 1230 dutum,
394 1158 442 1220 sed
461 1159 544 1219 duces
559 1159 674 1220 militari
689 1158 798 1222 violen·

121 1239 163 1302 tiri
187 1238 375 1308 trahebantur.
403 1240 475 1317 Quae
500 1239 652 1310 seditiosa,
675 1247 703 1300 δι
728 1261 796 1300 cor·

120 1322 289 1403 rumpendae'
317 1321 489 1402 discipline,
515 1341 586 1380 mort
613 1321 643 1380 in
675 1320 798 1400 praedam

94 1425 97 1430 ·
122 1404 268 1476 vertebat,
302 1400 375 1465 nihil
402 1401 600 1464 adventantem
628 1401 798 1462 Mucianum

123 1486 248 1556 veritus,
270 1483 347 1566 quod
361 1485 505 1550 exitiosius
529 1503 608 1556 erat,
622 1481 708 1564 quim
727 1485 757 1545 V
759 1505 801 1546 es*

123 1568 272 1648 persianum
294 1567 435 1645 sprevisse.

167 1647 201 1706 L.
224 1644 358 1710 Cetertim
375 1643 534 1729 propinqui
554 1643 647 1706 hieme
664 1691 674 1718 ,
692 1655 719 1708 δι
740 1643 798 1708 hu-

126 1728 268 1788 mentibus
286 1727 364 1788 Pado
378 1730 500 1808 campis,
520 1727 680 1807 expeditum
696 1749 800 1810 agmen

125 1809 263 1877 incedere.
286 1809 375 1893 Signa
394 1809 551 1892 aquilaeque
572 1810 729 1872 victricium
754 1810 800 1871 le-

126 1893 280 1974 gionum,
311 1893 414 1955 milites
447 1892 607 1955 vulneribus
637 1910 687 1953 aut
695 1910 802 1969 patrate

129 1994 247 2057 graves,
269 1972 393 2054 plerique
419 1973 505 2033 etiam
528 1973 651 2055 integri,
680 1972 804 2035 Veronae

129 2054 219 2123 relicti
249 2078 256 2113 ε
279 2054 402 2115 sufficere
424 2052 553 2114 cohortes
576 2054 705 2135 alaeque,
735 2062 762 2115 δι
787 2074 804 2117 e

128 2136 290 2217 legionibus
318 2135 405 2206 letti,
431 2138 582 2215 profligato
614 2139 673 2215 jam
703 2135 805 2209 bello,

129 2216 307 2279 videbantur.
329 2216 494 2283 Undecima
519 2216 545 2278 le
567 2218 596 2279 io
616 2237 673 2277 sese
698 2215 807 2295 adjun-

127 2317 225 2370 ¹xerat,
246 2297 498 2368 initioeunciatm
518 2238 586 2369 sei,
611 2299 745 2378 prosperis
764 2319 809 2361 rc·

133 2378 205 2450 bus,
227 2380 333 2449 anxia,
360 2377 438 2461 quod
466 2376 606 2443 defuisset.
634 2379 688 2439 Sex
714 2379 807 2443 millia

132 2460 353 2532 Dalmatarum,
383 2482 477 2521 recens
506 2459 649 2530 detersus,
680 2461 806 2521 comita·

134 2542 245 2607 bantur.
268 2541 399 2603 Ducebat
417 2542 552 2621 Poppaeus
568 2540 717 2611 Silvanus,
737 2562 808 2601 con·

135 2623 261 2683 solatis:
289 2625 332 2684 vis
357 2624 537 2689 consiliorum
567 2640 649 2701 penes
679 2622 807 2689 Annium

134 2705 275 2773 Bassum,
296 2705 417 2787 legionis
434 2705 582 2788 legatum:
602 2705 624 2765 is
642 2702 807 2775 Silvanum,

137 2786 284 2855 socordem
320 2786 420 2859 bello,
447 2795 475 2847 δι
508 2782 577 2863 dies
595 2804 687 2849 rtrum
717 2785 809 2871 verbis
