2100 3650
267 313 312 378 72
373 285 410 360 C.
439 289 597 358 Corn.
629 290 842 358 YAcrrr

266 412 388 494 trepidi,
412 409 716 470 formitusnemilitum
726 408 824 481 furor,
844 409 947 471 ando·

265 495 310 555 lus
332 493 537 573 imperatoris,
560 507 675 551 manere
694 512 728 551 ac
748 489 947 570 deprehendi,

267 598 305 636 an
324 573 420 658 fugere
440 581 468 634 δι
484 572 625 656 dispergi,
645 573 827 654 periculosius
847 573 947 644 foret3

267 654 357 716 modb
381 652 567 714 constentiam
584 655 736 724 simulare,
759 653 854 714 modi>
880 655 946 714 for·

267 736 376 798 midine
386 737 503 820 detegi,
522 735 609 795 simiel
626 734 755 796 Othonis
771 737 889 796 vultum
906 738 950 796 in·

266 821 337 878 meri
362 842 369 876 ι
389 837 475 899 utque
492 818 607 888 evenit,
627 818 772 878 inclinatis
790 816 830 878 ad
856 820 950 898 suspi-

266 901 379 959 cionem
407 899 568 970 mentibus,
587 919 677 979 quum
701 902 814 959 timeret
837 897 946 970 Otho,

265 981 426 1042 timebatur.
445 981 501 1041 Sed
519 978 597 1040 haud
616 1002 694 1040 secus
710 979 877 1041 discrimine
899 1002 948 1042 se·

266 1062 365 1134 uariis,
390 1061 476 1144 quim
499 1083 552 1122 suo
578 1065 713 1147 territps,
739 1071 769 1124 δι
798 1063 950 1143 praefecios

266 1146 405 1226 praetorii,
422 1145 459 1204 ad
475 1143 649 1227 mitigandas
661 1145 879 1216 militurn-iras,
895 1143 950 1208 ste·

266 1228 320 1286 tim
342 1229 478 1296 miserat,
496 1234 524 1286 dc
539 1225 615 1285 abire
622 1227 736 1301 properi
748 1249 870 1286 omnese
881 1249 951 1286 curt·

266 1310 347 1368 νὶνὶο
360 1311 445 1386 jussit.
460 1308 539 1366 Tum
551 1305 621 1366 verb
629 1310 733 1388 passim
745 1306 948 1390 magistratus,
1033 1386 1034 1391 ἵ

267 1391 396 1467 projestis
422 1390 610 1471 insignibus,
640 1390 730 1449 vitati
751 1391 896 1449 comitum
920 1399 949 1450 δι
1033 1410 1034 1413 ’

266 1487 408 1530 servorum
435 1469 614 1551 frequentiri,
636 1491 715 1532 senes
744 1469 949 1553 feminaeque,

194 1627 198 1632 Ι
265 1571 314 1630 per
334 1552 487 1621 tenebras,
508 1551 617 1610 diversa
638 1553 716 1613 urbis
739 1554 866 1624 itinera,
890 1555 948 1613 rari
1034 1582 1035 1595 i

266 1631 386 1704 domos,
407 1633 521 1712 plurimi
548 1635 706 1694 amicorum
729 1637 824 1705 tetta,
845 1643 897 1706 δι,
918 1653 951 1694 ut

266 1716 368 1796 tuique
390 1711 566 1808 liumillimus
588 1716 707 1790 cliens,
729 1718 852 1776 incertas
875 1717 949 1778 late·

267 1795 467 1939 brlilllllllle
468 1842 476 1859 ⁸
485 1879 615 1944 Militum
639 1851 760 1963 impetus
780 1900 818 1941 ne
835 1878 949 1940 foribus

266 1961 383 2041 quidem
402 1963 500 2040 palatii
520 1964 676 2046 coercitus,
697 1965 852 2043 quominus
871 1984 947 2022 con-

265 2044 374 2105 vivium
391 2044 601 2123 inrumperent,
615 2046 717 2125 ostendi
730 2044 788 2103 sibi
803 2042 947 2103 Othonem
1035 2054 1037 2058 ’

173 2120 176 2129 ·
265 2124 766 2276 un
1032 2210 1037 2253 2

265 2285 411 2369 legionis,
429 2287 497 2347 dum
514 2289 658 2349 ruentibus
673 2287 820 2349 obsilbmt.
840 2288 945 2349 Undi-

266 2388 323 2449 que
341 2390 419 2429 arma
437 2378 464 2429 &
479 2371 583 2441 minae,
604 2368 694 2430 modb
716 2372 747 2429 in
768 2371 948 2430 centuriones

267 2450 476 2533 tribunosque,
502 2450 592 2511 modb
618 2454 649 2511 in
673 2472 800 2513 senatum
824 2454 945 2511 univer-

267 2552 350 2592 sum:
369 2530 523 2614 lymphatis
547 2553 621 2594 caeco
648 2554 752 2613 pavore
767 2534 895 2604 animis,
917 2542 947 2595 δι

267 2616 335 2694 quia
360 2616 503 2674 neminem
525 2636 614 2674 unum
632 2613 769 2675 destinare
787 2617 834 2674 irae
857 2632 947 2695 pote·

268 2714 365 2767 rant,
396 2698 540 2757 licentiam
560 2698 590 2756 in
612 2718 712 2757 ornnes
733 2696 946 2777 poscentibus:

269 2776 359 2843 donec
378 2776 475 2852 Otho,
495 2790 593 2847 conta
610 2778 695 2842 decus
709 2780 822 2862 imperii
834 2774 946 2921 ,laboro

796 2881 840 2922 ms
875 2879 946 2933 ens,
