2100 3650
813 64 831 93 θ

263 264 332 379 ιὲο
385 284 423 357 C.
452 288 595 357 corn.
627 288 815 357 Tecrrt

260 432 335 489 quos,
350 412 519 469 redderentur
540 406 611 466 bello
635 425 715 481 repta
730 450 742 477 ,
760 409 856 485 quique
884 428 945 469 ινα

261 490 370 569 legum,
387 490 516 571 vetustate
535 488 666 563 dilapsa,
688 507 850 559 noscerent,
864 490 947 569 fige-

262 589 390 649 rentqae,
417 567 586 650 Nastos,
608 568 765 629 adulatione
789 587 945 643 temporum

254 652 397 733 fedatos,
422 667 623 733 contererent,
644 652 799 726 modumque
819 650 946 723 publicis

262 733 395 807 impensis
403 732 537 811 fhcetcnt.
555 728 692 789 Redditur
709 729 809 790 Tertio
824 731 946 791 Iuliano

262 830 402 895 praetuta,
422 810 483 892 post
503 832 572 871 uam
590 813 721 891 cognitus
739 808 780 871 est
801 810 838 873 ad
860 812 945 873 Ves-

263 895 413 974 pasianum
431 914 498 953 con
519 894 602 976 gisst.
620 890 733 972 Gripho
750 888 843 953 hortor
862 914 947 953 man·

263 976 310 1035 sit.
331 973 432 1054 Repeti
451 973 517 1035 inde
538 994 572 1034 co
594 975 731 1033 tuitionem
749 974 821 1033 inter
839 974 946 1034 Muso-

264 1057 346 1119 nium
358 1054 466 1117 Rufum
485 1064 512 1115 &
522 1055 555 1116 P.
568 994 701 1117 delerem
716 1054 839 1133 placuit,
853 1054 944 1115 dam-

265 1156 401 1219 natusque
419 1136 554 1206 Publius,
574 1135 724 1196 &Sorani
745 1136 877 1195 manibus
898 1158 946 1197 sa-

265 1216 421 1277 tisfauum.
438 1216 560 1299 Insignis
576 1214 688 1297 publicb
702 1218 845 1275 severitate
863 1217 944 1286 dies,

266 1318 304 1359 nt
323 1299 452 1377 privatim
466 1296 594 1379 ¹quidem
611 1296 694 1357 lande
709 1298 797 1356 caruit
814 1320 822 1354 ε
839 1296 945 1376 justum

266 1378 404 1457 judicium
417 1379 541 1459 explesse
551 1379 700 1439 Musonius
712 1378 868 1439 videbatur.
882 1379 944 1439 Di-

268 1478 348 1521 versa
377 1456 455 1519 fama
480 1460 651 1529 Demetrio,
672 1459 817 1539 Cynicam
836 1463 946 1521 sedam

268 1538 419 1621 professo,
441 1538 520 1621 qubd
541 1539 720 1602 manifestum
740 1562 818 1601 reum
844 1543 944 1601 ambi-

269 1619 385 1693 tiositis,
402 1618 487 1702 quim
508 1620 669 1694 honestius,
694 1621 872 1683 defendisset.
887 1622 947 1704 Ipsi

269 1702 374 1762 Publio
393 1724 484 1783 neque
507 1706 618 1763 animus
633 1706 664 1763 in
686 1704 832 1785 periculis,
854 1724 948 1786 neque

270 1784 363 1850 oratio
384 1784 577 1866 suppeditavit.
599 1786 689 1870 Signo
708 1785 823 1845 ultionis
843 1786 875 1846 in
896 1807 948 1846 ac·

271 1885 411 1934 tutatores
443 1866 536 1938 dato,
565 1869 635 1948 petit
662 1890 679 1928 a
709 1866 822 1928 cesare
848 1866 948 1928 Junius

272 1947 434 2017 Mauricus,
450 1967 481 2008 ut
494 1950 744 2010 commentariorum
749 1950 949 2023 principalium

269 2031 425 2111 potestatem
442 2032 551 2090 senatui
560 2030 685 2107 faceret,
699 2052 750 2105 per
763 2052 829 2108 quos
847 2053 945 2091 nosce·

274 2128 336 2182 ret,
358 2132 433 2187 quem
452 2113 561 2188 quisque
576 2115 755 2172 accusandcm
767 2114 956 2186 poposcisset.¹

280 2193 475 2256 Comultndunt
495 2195 549 2251 tali
565 2215 646 2268 super
661 2216 689 2253 re
703 2195 873 2268 principem,
893 2215 948 2254 tes·

276 2271 385 2353 pondit.

319 2351 413 2414 XLI.
436 2352 575 2425 Senatus,
598 2352 797 2416 inchoantibus
818 2356 948 2435 primori·

280 2434 351 2506 bus,
367 2435 558 2513 jusjurandum
579 2440 725 2516 concepit,
746 2457 804 2519 quo
823 2439 948 2497 certatim

280 2537 380 2576 omnes
403 2515 604 2600 magistratus,
624 2520 707 2576 ceteri
731 2537 763 2577 ut
783 2520 947 2587 sententiam

280 2595 472 2676 rogabantur,
489 2598 569 2658 Deos
586 2601 661 2677 tedes
678 2598 877 2668 advocabant,
898 2601 946 2658 ni·

282 2676 327 2734 hil
345 2700 393 2751 opt
410 2680 462 2738 sud
469 2680 591 2757 facturn,
620 2702 672 2758 quo
694 2682 850 2762 cujusquam
873 2681 948 2740 salus

283 2759 434 2830 lederetur,
448 2781 529 2838 neque
539 2783 570 2822 sc
577 2764 735 2836 pennino,
752 2759 950 2832 anthonotcm,
1038 2782 1040 2859 p
