2100 3650
241 285 325 377 *¹3⁶
378 279 415 348 C.
444 279 589 348 Contu.
620 261 810 346 TAch‘r

255 406 418 482 cujusquam
429 402 596 469 ,''saetitum.'
616 399 690 458 Rata
712 398 790 458 fuere
809 413 934 470 eorum,

255 483 306 562 qui
315 483 374 542 acie
384 477 553 541 Othoniani
562 481 733 551 ceciderant,
747 480 936 551 testamenta,

255 583 305 622 aut
331 563 376 622 lex
396 561 531 622 intestatis
564 587 570 620 t
602 583 731 642 prorsus,
762 564 788 621 si
819 564 936 623 luxuria

255 662 421 722 temperaret
448 645 596 704 avaritiam
624 665 682 702 non
704 645 827 704 timeres.
858 645 937 723 Epu-

255 725 346 784 larum
365 724 442 784 foeda
457 733 485 784 δι
498 725 676 806 inexplebilis
690 725 780 784 libido
798 748 806 781 ε
822 747 858 784 ex
871 727 938 786 urbe

226 870 228 874 ,
254 824 340 885 atque
357 807 440 866 Italia
457 807 721 890 irritamentagulae
737 804 939 889 gestabantur,

254 884 437 966 llrepffltibus
458 889 495 947 ab
517 907 636 969 utroque
659 889 730 946 mari
753 889 905 948 itineribus
930 913 938 946 ι

256 965 382 1031 exhausti
407 970 602 1029 conviviorum
626 969 805 1047 apparatibus
835 971 940 1048 princi·

255 1069 305 1130 pes
327 1052 472 1110 civitatum
489 1048 687 1116 tvastabantut
697 1051 764 1128 ipsae
779 1051 912 1111 civitates
928 1075 936 1110 t

256 1129 444 1214 degenerabat
475 1154 494 1191 a
520 1131 619 1191 labore
649 1152 681 1190 ac
705 1131 807 1190 virtute
832 1133 939 1204 miles,

256 1214 432 1274 assuetudine
470 1213 677 1292 voluptatum,
710 1221 737 1272 δι
769 1231 939 1294 contemptu

257 1294 345 1356 ducis.
369 1297 507 1355 Praemisit
528 1297 558 1354 in
583 1293 680 1353 urbem
706 1293 853 1365 edietum,
879 1317 940 1377 quo

256 1378 429 1454 uocabulum
447 1377 564 1458 Augusti
579 1373 719 1446 differret,
742 1378 861 1435 Curatis
879 1399 940 1439 non

257 1459 406 1537 reciperet,
426 1479 515 1540 quum
534 1457 568 1517 de
590 1456 725 1539 potestate
744 1455 820 1517 nihil
844 1457 942 1538 detra7

183 1553 189 1560 “
257 1536 345 1600 heret.
370 1540 446 1599 Pulsi
464 1537 548 1599 ltalia
574 1537 780 1598 mathematici.
806 1539 939 1602 Cautum

257 1621 369 1692 severe,
391 1645 425 1681 ne
446 1623 548 1700 equitet
573 1621 693 1679 Romani
716 1622 779 1678 ludo
802 1617 833 1680 ὃ(
853 1624 942 1681 arend

252 1703 440 1776 polluerentur
452 1728 463 1762 .·
480 1705 584 1783 ptiores
595 1703 624 1760 id
636 1703 772 1782 principes
791 1701 915 1780 pecunia
928 1749 940 1774 ,
1034 1713 1035 1770 ἶ

258 1792 287 1844 &
313 1786 411 1865 sapius
435 1787 487 1855 vi,
511 1785 714 1865 perpulerant:
743 1803 776 1841 ac
803 1784 943 1867 pleraque
1034 1793 1035 1857 ξ

258 1869 413 1948 municipia
439 1877 466 1927 δι
488 1868 607 1925 coloniae
626 1865 854 1937 aemulahantut‚
876 1888 943 1925 cot·
1034 1896 1035 1901 ¹

258 1951 448 2027 ruptissirmrm
460 1968 601 2031 quemque
613 1946 836 2007 adolescentium
847 1951 943 2027 pretio

256 2030 380 2089 inlicere.
773 2039 775 2045 ’
941 2082 945 2087 ,

300 2109 407 2170 LXIII.
428 2111 484 2172 Sed
504 2111 656 2183 Vitellius,
677 2110 799 2171 adventu
823 2110 942 2184 fratris,

259 2200 288 2253 δι
315 2194 503 2271 inrepentibus
533 2193 737 2253 dominationis
772 2190 941 2273 magistris,

259 2273 440 2353 superbior&
452 2276 591 2344 atrocior,
605 2284 632 2333 δι
650 2272 742 2333 occidi
752 2273 940 2333 Dolabellam

260 2358 357 2436 jussit,
379 2376 464 2436 quern
484 2357 513 2413 in
537 2356 681 2414 coloniam
700 2357 875 2437 Aquinatem
898 2376 941 2414 se-

260 2440 384 2519 positum
395 2438 431 2496 ab
441 2434 580 2505 Othone,
598 2438 750 2497 retulimus.
763 2436 937 2507 Dolabella,
1017 2512 1021 2519 .

260 2519 357 2578 auditi
385 2538 474 2577 morte
504 2516 654 2588 Othonis,
684 2518 782 2577 urbem
815 2519 938 2577 introie-

173 2598 175 2600 ’
261 2620 305 2658 tat
325 2624 331 2656 ε
348 2601 377 2659 id
396 2603 422 2658 ei
438 2600 568 2659 Plancius
586 2600 697 2669 Varus,
718 2597 834 2679 praetutlt
858 2597 940 2659 func-

262 2699 324 2751 tus,
350 2702 383 2739 ex
408 2682 513 2740 intimis
535 2681 693 2740 Dolabellae
719 2682 838 2751 amicis,
863 2678 941 2758 apud

263 2761 392 2823 flavium
426 2762 594 2834 Sabinum,
628 2762 790 2844 prefectum
829 2762 939 2833 urbis,
995 2820 1007 2829 ,
