2100 3650
252 274 324 367 256
383 232 605 339 c'corr.
637 268 846 337 TAcrrr

252 408 302 469 per
312 389 404 451 varios
419 408 497 449 casus
513 386 620 467 elapsi3
637 386 755 468 qu'idanr
765 388 857 447 servili
870 384 936 448 lsa-

253 468 334 539 bitu,
349 469 398 530 alii
417 466 473 530 fide
488 470 633 529 clientium
653 470 794 539 conteffl,
814 478 841 527 &
859 471 936 529 inter

253 552 376 614 sarcinas
398 550 498 627 abditi«
516 550 622 620 Fuere,
647 552 713 629 qui,
738 568 853 629 excepto
872 550 935 609 Vi<

254 631 433 693 tellianorum
451 631 554 713 signo,
572 652 630 712 quo
649 632 720 689 inter
733 652 760 691 se
774 631 935 691 nosceban-

255 729 317 781 tur,
339 712 413 771 ultro
432 715 587 794 rogitantes
607 710 859 791 respondentesve,
879 733 935 773 au-

254 791 367 853 daciam
389 814 439 872 pro
459 794 565 853 latebra
585 790 738 853 haberent.v

295 873 433 933 LXXIV.
447 874 652 943 Domitianus,
667 870 757 952 primi
772 874 934 953 inruptione

254 954 332 1033 apud
364 955 499 1015 aedituum
531 956 705 1024 occultatus,
732 954 862 1035 sollertiis
894 954 934 1012 ii-

254 1034 346 1106 berti,
383 1037 460 1096 lineo
487 1038 593 1099 amic‘tu
622 1034 715 1095 mrbae·
736 1035 935 1095 sacricolarum

255 1115 401 1179 immixtus
421 1119 640 1200 ignoratusque,
666 1114 741 1195 apud
764 1116 935 1177 Cornelium

255 1197 406 1271 Primum,-
431 1218 577 1276 paternum
600 1198 752 1267 clientem,
774 1202 851 1275 juxta
870 1198 935 1257 Ve-

257 1278 393 1350 labrum,-
417 1280 534 1349 delituit.
558 1278 601 1339 Ac
619 1279 744 1357 potiente
766 1298 858 1337 retum
884 1299 936 1357 pa*

258 1378 319 1431 tre,
342 1360 459 1439 diseno
485 1361 580 1439 prditui
606 1360 812 1430 contubernio,
841 1358 936 1419 modi·

171 1454 174 1461 '
259 1460 325 1501 cum
353 1442 485 1501 sacellum
511 1444 528 1503 J
540 1461 618 1503 0v1
653 1460 935 1511 consaavrrorer,

259 1542 392 1603 aramque
417 1524 529 1602 posuit,
558 1542 635 1581 casus
659 1542 723 1587 suos
743 1522 773 1581 in
794 1542 936 1581 marmore

259 1622 424 1682 expressam.
443 1604 517 1663 Mor
534 1604 681 1681 imperium
701 1602 834 1681 adeptus,
855 1604 936 1663 Jovr

260 1700 400 1754 cusrom
416 1685 554 1765 templum
576 1687 695 1767 ingens,
715 1704 799 1764 seque
820 1685 850 1743 in
874 1684 938 1745 sinu

260 1765 306 1825 dei
336 1768 463 1828 sacravitt
491 1766 610 1828 Sabinus
636 1774 663 1825 δι
688 1765 797 1825 Atticus
828 1766 938 1825 onerati

261 1850 386 1920 catenis,
400 1857 427 1909 &
438 1847 475 1908 ad
484 1849 637 1909 Vitellium
649 1847 741 1918 dacii,
756 1867 938 1928 nequaquam

261 1928 365 1989 infesto
401 1951 529 1991 sermone
564 1929 699 2010 vultuque
729 1929 938 2008 excipiuntur,

262 2010 468 2083 frementibus,
496 2013 546 2094 qui
572 2017 615 2090 jus
641 2009 742 2080 caedis,
765 2018 793 2070 &
825 2011 937 2088 praemia

260 2110 371 2154 navatae·
402 2109 523 2172 operae,
566 2091 707 2171 petebants
751 2089 887 2152 Clamore
921 2113 939 2152 a

263 2173 399 2254 proximis
420 2190 504 2244 orto,
529 2172 639 2232 sordida
664 2193 726 2254 pars
751 2171 839 2251 plebis
867 2193 937 2250 sup·

262 2254 379 2334 plicium
398 2252 497 2312 Sabini
520 2253 664 2334 exposcit,
687 2256 778 2314 minas
797 2251 939 2314 adulatio-

262 2346 367 2416 nesque
390 2336 497 2395 miscet.
513 2334 641 2396 Stantem
664 2356 714 2416 pro
735 2333 870 2416 gradibus
892 2354 940 2412 pa·

263 2416 326 2478 latii
351 2415 521 2486 Vitellium,
542 2425 570 2477 &
588 2435 678 2496 preces
696 2434 862 2496 parantem,
879 2435 943 2494 per·
1039 2415 1040 2430 ¹

262 2498 354 2559 vicere
374 2516 404 2557 ut
424 2495 575 2558 absisteret.
591 2497 669 2558 Tum
689 2495 851 2559 confossum
873 2516 940 2556 oon-

263 2577 492 2660 laceratumque,
515 2588 542 2639 δι
563 2579 672 2639 absciso
695 2579 793 2658 capite*
810 2595 940 2638 truncum

266 2679 364 2738 corpus
385 2659 484 2719 Sabini
503 2661 533 2718 in
554 2660 710 2722 Gemonias
727 2655 851 2718 trahunt,

307 2739 450 2812 LXXV.
464 2815 466 2818 y
479 2739 539 2804 Hic
567 2743 655 2804 exitus
684 2742 737 2802 viri
766 2735 842 2800 haud
872 2737 940 2801 sans
