2100 3650
175 311 484 380 HistonrAnurr
508 311 593 378 [ιι.
619 300 668 378 II.
706 333 768 380 tor

94 431 192 492 tiosos.
211 430 455 507 florentissimum
474 429 563 490 ltaliae
579 430 671 502 latus,
686 451 775 512 quau·

94 532 158 572 turn
180 514 254 572 inter
269 511 380 572 Padurn
397 510 543 592 Alpesque
559 531 724 592 camporum
746 521 775 574 lt
853 539 858 552 ·

94 594 228 665 urbium,
245 595 332 652 armis
351 591 465 652 Vitellii
486 597 632 674 (namque
652 603 679 654 δι
698 615 772 673 prae-

93 677 185 734 missa
203 696 222 744 a
238 674 356 734 Caecina
376 671 506 733 cobortes
521 674 716 748 advenerant)
735 693 775 734 te·

93 757 222 815 uebatur.
236 755 332 836 Capta
346 755 561 817 Pannoniorum
578 753 679 816 cohors
699 756 775 834 apud

96 837 287 901 Cremonam.
320 837 471 916 Intercepti
503 856 616 896 centum
648 837 774 918 equites,

94 940 129 978 ac
147 918 228 976 mille
246 919 373 990 classici,
391 920 463 977 inter
484 917 659 982 Placentiam
687 915 774 976 Tisi-

94 1020 223 1080 numque
243 1023 251 1056 t
268 999 327 1079 quo
347 1019 472 1058 mesessu
488 998 659 1059 Vitellianus
674 999 775 1070 miles,

95 1103 157 1140 non
170 1086 230 1159 jam
248 1081 366 1140 flumine
383 1099 431 1140 aet
447 1080 514 1159 ripis
532 1080 685 1140 arcebatur.
704 1079 776 1140 Inri-

95 1163 186 1224 tabat,
195 1161 266 1242 quin
280 1159 367 1221 etiatlr
386 1162 509 1222 Batavos
528 1157 777 1221 Transrhenanos-

94 1264 152 1324 que
176 1242 270 1302 Padus
297 1245 384 1323 ipse:
409 1262 497 1324 quem
519 1261 654 1323 repente,
678 1261 777 1303 contra

95 1324 296 1394 Placentiam,
311 1325 494 1407 transgressi,
507 1323 593 1403 raptis
604 1321 776 1403 quibusdam

95 1405 342 1486 exploratoribus,
373 1408 413 1465 ita
436 1423 541 1464 ceteros
563 1422 703 1476 terruere,
723 1423 775 1476 ιιι,

94 1490 194 1546 adesse
206 1509 312 1548 omnem
330 1487 438 1547 Cutina
452 1486 617 1557 exercitrun,
631 1485 732 1566 trepidi
742 1505 776 1546 ac

93 1567 163 1628 falsi
177 1568 349 1628 nunciarent.

134 1647 252 1708 XVIII.
271 1647 390 1709 Certum
406 1667 465 1708 erat
477 1648 646 1728 Spurinnae(
660 1649 683 1707 is
696 1649 777 1708 eninr

94 1730 274 1790 Placentiam
304 1729 483 1803 obtinebat)
514 1729 637 1788 necdum
668 1731 779 1789 venisse

95 1811 273 1882 Caecinam,
292 1819 343 1881 dt,
363 1813 387 1872 si
409 1811 627 1891 propinquaret,
649 1828 777 1869 coercere

95 1895 175 1953 intra
191 1894 368 1953 munimenta
384 1894 523 1962 militem,
541 1912 594 1953 nec
611 1893 659 1951 tris
669 1910 775 1972 prato·

93 1977 151 2035 rias
179 1969 329 2045 cohortes,
350 1983 379 2035 δι
400 1974 479 2042 mille
501 1972 686 2045 vexillarios,
712 1992 778 2033 cum

94 2058 197 2137 paucis
215 2075 231 2113 e
250 2056 377 2126 uitibus,
391 2074 524 2115 veterano
543 2054 676 2113 exercitui
696 2054 777 2135 οδῇἱὲ

95 2158 170 2197 cere.
190 2078 251 2196 Sedl
262 2136 417 2197 indomitus
437 2136 538 2205 miles,
558 2144 586 2196 &
604 2135 670 2195 belii
688 2137 776 2218 igna-

92 2238 164 2289 rus,
192 2220 324 2297 correptis
351 2219 440 2301 signis
464 2216 648 2297 vexillisque,
677 2237 777 2289 ruere,

94 2308 123 2359 st
155 2300 291 2358 retinenti
315 2297 381 2358 duci
407 2299 464 2377 tela
492 2300 650 2367 intentare,
680 2300 778 2377 spretis

93 2380 311 2439 eenttuionibus
345 2380 547 2459 tribunisque,
571 2379 780 2455 providentiam

93 2464 178 2521 ducis
205 2460 386 2522 laudantibus
407 2481 415 2518 t
434 2462 505 2541 quin
521 2460 728 2535 proditionem,
751 2455 779 2519 θ
852 2528 855 2535 ‚

90 2544 218 2603 accitum
244 2544 377 2602 cecinam
394 2541 589 2612 clamitabant.
605 2540 651 2599 Fit
669 2541 780 2599 temeri·

93 2626 164 2684 tatis
184 2624 284 2684 alienae
297 2644 392 2683 comes
405 2624 576 2703 Spurrinna,
590 2619 683 2701 primd
699 2640 780 2695 coae-

93 2724 138 2765 tus
150 2752 163 2777 ,
184 2725 255 2764 mox
273 2705 345 2765 velle
363 2705 517 2774 simulans,
553 2700 590 2765 ub
609 2702 669 2783 plus
684 2705 781 2761 audio·

91 2787 188 2848 sitatis
198 2788 301 2849 inesset
313 2786 454 2859 consiliis,
468 2788 493 2846 si
502 2726 603 2846 seditio
615 2786 779 2845 mitesceret.

584 2864 662 2947 Eiij
