2100 3650
244 329 315 392 244
367 307 404 376 C.
435 307 576 376 coru.
609 309 793 376 TActrr

239 448 274 488 ac
293 421 429 489 defonnis
445 427 513 484 urbe
531 424 592 486 toti
607 425 692 488 facies
710 450 717 486 t
731 428 805 490 alibi
821 431 919 508 proclia

241 517 269 572 &
280 509 414 577 vulnera;
427 507 496 567 alibi
509 508 628 568 balineae
638 509 803 590 popinreque
816 534 822 566 t
835 513 920 573 simul

241 610 322 650 cruor
347 599 375 650 δι
396 587 480 648 strues
511 611 659 670 corporum
671 613 681 660 3
708 589 787 668 juxti
810 613 919 666 scorta,

240 680 269 730 δι
289 673 386 731 scortis
409 671 514 731 similes
539 691 703 752 :quantum
725 672 755 732 in
776 671 919 740 luxurioso

239 753 302 812 otio
321 752 500 823 libidinum3
529 753 668 836 quidquid
688 755 719 813 in
740 755 920 819 acerbissima

239 833 402 913 captivitate
422 833 557 895 scelerum
580 856 713 914 :prorsus
737 854 767 894 ut
788 836 920 900 eamdem

238 915 384 975 civitatem
405 925 433 976 8(
454 914 545 975 furere
565 915 706 987 crederes,
730 924 757 976 &
782 917 919 982 lascivire.
973 953 976 960 ι

239 996 438 1060 conflixerant
458 997 524 1058 ante
544 1000 645 1059 armati
664 998 798 1058 exercitus
823 1000 851 1058 in
872 1021 919 1059 ur-

239 1078 350 1150 be,bis
368 1079 401 1140 L.
423 1078 518 1151 Sulla,
536 1079 621 1139 semel
635 1078 733 1140 Cinni
747 1080 900 1142 victoribus
906 1103 919 1154 3

240 1179 379 1222 nectunt
403 1160 495 1221 minus
516 1160 710 1224 crudelitatis:
734 1182 808 1222 nunc
829 1159 918 1222 inhu-

171 1276 175 1282 ·
241 1264 331 1304 mana
356 1245 513 1315 securitas,
536 1251 564 1303 δι
589 1263 624 1302 ne
653 1245 775 1302 ini-nimo
803 1243 919 1324 quidem

241 1344 300 1384 teni
320 1327 376 1384 otis
388 1325 547 1406 voluptates
559 1326 720 1384 intermissae
741 1324 841 1384 :velut
862 1325 920 1386 fes·

241 1407 278 1468 tis
295 1346 392 1466 liebus
411 1406 440 1466 id
461 1427 576 1488 quoque
600 1405 734 1490 gaudium
756 1404 918 1478 accederet,

241 1488 439 1558 exsultabant,
471 1489 663 1558 fruebantut3
690 1485 768 1552 nulla
797 1490 918 1567 partium

242 1567 331 1642 cuti,
352 1570 434 1632 malis
455 1571 574 1650 publicis
593 1570 658 1633 leti.

283 1651 451 1713 LXXXIV.
463 1653 620 1717 Plurimum
631 1650 717 1712 molis
731 1651 761 1710 in
775 1671 920 1736 oppugna·

243 1735 322 1794 tione
340 1732 489 1795 castrorum
510 1731 580 1804 fuit,
602 1753 662 1814 quat
677 1734 826 1798 acerrimus
847 1735 922 1814 quis·

244 1838 315 1898 que,
334 1837 365 1877 ut
378 1817 564 1891 nouissimam¹
581 1836 677 1896 spem,
690 1815 855 1879 retinebant.
874 1816 920 1877 Εὸ

241 1898 377 1961 intentius
399 1902 536 1969 victores,
564 1899 702 1977 praecipuo
723 1914 848 1957 veterum
871 1919 922 1957 co·

242 1978 369 2042 hortium
388 1980 494 2053 studio,
512 1982 613 2039 cuncia
625 1978 862 2041 validissimarum
875 2001 922 2039 ur·

244 2063 325 2122 bium
356 2062 471 2123 excidiis
498 2080 604 2141 reperta
635 2059 718 2123 simul
744 2060 921 2132 admovent,

242 2142 436 2217 testudinem,
459 2161 629 2213 tormenta,
662 2160 778 2281 aggeres
800 2187 810 2213 ,
835 2140 924 2202 faces-

245 2246 300 2308 que
312 2249 319 2283 :
331 2227 463 2305 quidquid
474 2244 515 2284 tot
524 2225 635 2299 proeliis
649 2226 678 2283 la
695 2224 752 2283 oris
764 2246 795 2283 ac
805 2225 924 2299 peric-ul'

243 2310 418 2379 hausissent,
434 2330 511 2382 opere
521 2308 572 2365 illo
585 2306 767 2367 consummari
776 2305 924 2365 clamitan-

245 2412 294 2452 tes
317 2390 418 2451 Urbem
430 2391 541 2451 senatui
550 2411 582 2447 ac
588 2389 689 2463 populo
699 2386 843 2459 Romano,
853 2404 923 2447 tem·

240 2477 293 2549 pla
302 2474 359 2533 aiis
373 2472 480 2533 reddita
492 2496 502 2531 .·
507 2470 650 2545 proprium
663 2491 721 2530 esse
733 2469 834 2529 militis
844 2471 925 2533 decus

245 2558 277 2614 in
290 2556 405 2636 castris:
418 2555 498 2615 illam
510 2554 633 2628 patriam
641 2596 651 2623 ,
668 2550 734 2609 illos
741 2569 854 2625 penates
868 2574 877 2609 .·
892 2553 926 2611 ni

239 2639 335 2718 statim
359 2636 543 2712 recipiantur,
565 2640 667 2695 nollem
685 2634 716 2693 in
738 2634 824 2691 armis
845 2654 927 2710 agetu-

246 2721 318 2777 dam.
342 2715 454 2779 Contti
475 2716 645 2785 Vitelliani,
670 2734 845 2795 quamquam
870 2735 927 2773 nu-

246 2800 448 2883 merofatoque
458 2797 592 2881 dispares,
600 2795 926 2884 inquietatevicloriam,
