2100 3650
199 304 201 310 '
248 309 292 383 52
359 288 413 361 ἀ’
435 257 813 363 cormarrin

246 412 361 474 Nonius
379 433 520 493 receptus,
544 411 685 473 Donatius
705 411 833 485 Valens,
858 413 925 474 Ro:-

180 549 181 552 ,
246 497 342 554 milius
376 493 529 555 Marcellus
545 540 558 566 „
583 493 927 576 Calpurnius·Repenti·

246 595 317 646 nus,
336 595 424 656 quum
447 594 625 658 protegerent
636 575 745 636 Galbae
762 577 928 661 imagines,

246 649 355 735 impetu
378 658 500 718 militum
524 657 660 738 abrepti,
683 655 837 737 vineiique.
863 658 929 717 Nec

219 763 221 768 ·
246 740 381 817 cuiquam
403 737 475 800 ultri
497 737 588 819 fides,
608 757 656 796 aut
670 740 809 798 memoria
828 740 930 820 prioris

194 882 197 888 ,
245 821 419 881 sacramenti
445 843 452 878 :
484 818 557 890 sed,
587 818 666 900 quod
691 820 722 878 in
742 819 930 882 seditionibus

245 901 369 973 occidit,
390 900 464 962 unde
486 900 577 982 plures
600 918 702 971 erant,
722 921 823 962 omnes
841 899 930 964 fuere.

248 983 344 1044 Nocte
358 1029 370 1052 ,
398 1003 460 1064 quae
487 981 629 1042 Kalendas
657 981 807 1042 Januerias'
834 1003 931 1044 secura

163 1085 164 1088 ’
240 1063 314 1136 est,
344 1066 375 1124 in
401 1063 547 1124 coloniam
573 1063 809 1147 Agrippinensem
830 1065 928 1145 'Aqui-

248 1145 315 1206 lifer
350 1164 454 1229 quartae
490 1145 614 1230 legionis
649 1145 773 1225 epulanti
806 1146 931 1205 Vitellio

250 1229 391 1300 nunciat,
417 1245 542 1306 quartam
564 1223 858 1286 &duodevicesimam
883 1229 930 1286 le-

227 1383 228 1386 *
249 1312 377 1389 ginnas,
401 1310 531 1389 projenie
561 1307 657 1368 Galba
679 1308 846 1386 imaginibus
861 1355 874 1380 ‚
898 1311 932 1369 in

194 1453 197 1458 Δ
251 1389 365 1454 nenatrle
395 1387 422 1451 r&
440 1392 538 1465 populi
565 1389 686 1448 Romani
706 1389 789 1449 verba
804 1391 929 1470 jurasse.

252 1471 288 1532 Id
298 1489 504 1532 sacramentum
520 1473 605 1532 inane
617 1471 709 1529 visum
722 1473 866 1544 :occupari
883 1493 935 1530 nu-

251 1571 361 1613 tanum
360 1554 528 1631 fortunam,
547 1551 576 1614 ἃ
593 1551 687 1630 offerri
697 1552 851 1627 principem
864 1553 932 1632 pla·

250 1636 322 1695 suit.
331 1675 334 1680 ·
343 1635 426 1696 Missi
444 1657 461 1694 a
478 1629 601 1697 Vitellio
615 1632 651 1693 ad
662 1633 789 1716 legiones
802 1634 933 1717 legatos·

250 1737 330 1798 -que,
344 1718 394 1798 qui
405 1717 581 1778 descivissea
591 1715 684 1776 Galba
689 1717 853 1790 superiorem
859 1737 935 1775 exer·

256 1801 341 1861 citum
350 1801 514 1860 nunciarent
526 1800 655 1875 :proinde
666 1815 714 1857 aut
723 1796 876 1857 bellandam
886 1801 936 1859 ad·

252 1904 356 1945 versus-
367 1883 565 1952 desciscentes,
579 1899 627 1940 aut
641 1882 669 1941 si
685 1881 830 1940 concordia
840 1876 867 1939 ἃ
874 1902 936 1955 pax

218 2020 220 2023 .
253 1966 364 2041 placant
376 2010 387 2035 ,
398 1965 557 2041 fhciendam
567 1965 754 2037 imperatorem
768 1985 778 2019 .·
792 1958 935 2024 &minore

172 2106 173 2109 ,
252 2046 416 2106 discrimine
431 2046 681 2119 semiprincipem,
700 2040 781 2119 quarn
798 2044 891 2121 quari.

301 2126 395 2187 LVII.
415 2127 548 2186 Proxima
566 2126 690 2208 legionis
701 2126 797 2205 primae
816 2121 936 2186 hiberna

250 2227 360 2281 erant,
382 2218 409 2269 &
433 2209 656 2289 promptissimus
676 2227 691 2264 e
711 2205 811 2299 legatis
830 2206 936 2267 Fabius

258 2290 378 2350 Valens.
407 2290 434 2351 Is
456 2287 632 2370 dietpostero
657 2288 800 2348 colomam
823 2286 934 2371 Agrip·

170 2428 174 2434 .
252 2374 406 2457 'pinensem
430 2393 495 2431 cum
520 2370 662 2453 equitibus
682 2364 824 2452 legionis,
857 2370 938 2428 auxi·

257 2456 461 2535 liariorumque
474 2456 628 2537 ingressus,
642 2454 829 2527 imperatorem
839 2450 939 2510 Vitel-

261 2540 335 2599 lium
360 2537 555 2597 consalutavit.
574 2535 680 2595 Secutae
705 2534 814 2615 ingenti
841 2551 935 2592 cetm-

225 2682 226 2685 ,
261 2622 341 2679 mine
362 2617 486 2699 ejusdem
508 2618 659 2698 provinciae
684 2615 810 2696 legiones
825 2639 832 2672 ε
847 2622 876 2674 &
893 2634 938 2675 su·

260 2702 354 2783 perior
379 2700 535 2768 exercitus,
560 2698 691 2778 speciosis
710 2693 820 2755 senatis
839 2716 935 2777 popu·

258 2784 340 2867 lique
364 2782 492 2845 Romani
516 2779 679 2841 nominibus
701 2778 825 2850 relicus,
853 2780 936 2838 terrio
