2100 3650
220 227 264 292 16
341 218 377 291 C.
407 217 550 290 Contu.
582 223 769 289 TAcrrr

218 343 360 413 amicitia,
375 363 408 417 er
422 339 581 400 rumoribus
594 337 667 398 nihil
679 340 791 398 silentio
799 357 900 400 trans·

218 425 389 482 mittentium
405 445 412 479 :
427 424 493 502 quia
505 420 597 480 Vinio
607 420 692 480 vidua
703 419 778 491 filia,
794 420 898 478 caelebs

220 501 320 574 Otho,
333 524 417 586 gener
431 523 463 562 ac
477 523 554 562 socer
568 499 783 562 destinabantur.
797 501 900 561 Credo

219 594 247 645 &
272 585 379 663 reipub.
407 604 502 643 curam
523 583 647 653 subisse,
668 581 766 643 frustra
787 605 804 642 a
827 582 897 641 Ne-

219 685 288 726 rone
310 664 465 734 transsatae,
493 667 525 723 si.
537 663 611 742 apud
633 661 782 724 Othonem
805 664 899 722 relin-

220 765 356 826 queretur.
379 745 514 826 Namque
537 741 624 803 Otho
641 746 790 824 pueritiam
811 745 899 803 incu-

222 826 315 897 riose,
344 823 563 886 adolescentiam
595 826 749 904 petulanter
780 843 901 907 egerat3

222 925 319 990 gratus
337 905 466 978 Neroni,
487 906 666 972 aemulationc
684 905 763 966 luxirs
781 929 788 962 t
809 906 903 986 edque
930 914 934 918 ’

222 993 281 1068 jam
301 986 451 1068 Poppaeam
476 985 631 1059 Sabinam,
652 989 805 1067 principale
828 1007 904 1046 scot-

224 1087 306 1139 tum,
332 1087 363 1128 ut
384 1067 457 1148 apud
477 1071 619 1128 conscium
640 1069 792 1128 libidinum
814 1067 906 1147 depo-

224 1167 335 1221 suerat,
360 1149 450 1210 donec
478 1149 631 1210 Octaviam
655 1170 771 1208 uxorem
792 1150 906 1209 amoli-

225 1250 298 1290 retur
313 1254 319 1287 :
337 1251 409 1290 mox
430 1235 586 1310 suspectum
602 1234 633 1290 in
646 1230 746 1290 eadem
765 1231 908 1315 Poppaea,

227 1311 258 1372 in
279 1314 454 1390 provinciam
468 1313 662 1382 Lusitaniam,
676 1314 767 1391 specie
782 1312 909 1392 legatio-

227 1394 287 1464 nis,
308 1395 437 1472 seposuit.
453 1391 555 1464 Otho,
576 1395 694 1452 comiter
712 1390 909 1453 administrarit

229 1473 395 1556 provincii,
417 1476 520 1554 primus
543 1475 573 1533 in
592 1475 682 1553 partes
701 1493 910 1556 transgressus,

229 1575 282 1616 nec
303 1557 416 1638 segnis,
438 1565 484 1626 δι,
500 1554 591 1614 donec
611 1555 716 1614 bellum
738 1554 812 1626 fuit,
835 1558 912 1614 inter

227 1655 375 1718 praesentes
397 1633 656 1716 splendidissimus,
672 1658 750 1715 spem
773 1636 911 1716 adoptio·

232 1718 276 1778 nis
299 1714 392 1778 statim
414 1737 597 1796 conceptam,
623 1715 710 1776 actius
733 1720 764 1779 in
785 1717 844 1776 dies
864 1739 914 1777 ta-

217 1798 330 1881 ,piebat
364 1822 371 1857 t
401 1797 559 1861 faventibus
587 1799 724 1881 plerisque
756 1800 914 1871 militum3

228 1879 324 1963 ,proni
336 1880 366 1941 in
376 1902 440 1941 eum
449 1881 513 1942 auli
523 1882 664 1953 Neronis,
677 1901 708 1940 ut
717 1882 851 1941 similem.

232 2030 236 2037 ,
275 1960 359 2023 XIV.
379 1960 434 2022 Sed
454 1963 565 2033 Galba,
581 1960 643 2042 post
654 1965 771 2022 nuncios
784 1963 914 2023 Germa-

237 2044 306 2104 nicae
325 2042 489 2113 seditionis,
518 2065 693 2125 quamquam
721 2041 797 2103 nihil
821 2041 918 2103 adhuc

238 2124 274 2183 de
306 2121 427 2183 Vitellio
465 2142 592 2195 certum,
628 2126 753 2196 anxius,
786 2121 918 2205 qudnatn

239 2207 408 2264 exercituum
422 2206 464 2267 vis
482 2226 655 2287 erumperet,
674 2226 709 2265 ne
723 2207 832 2265 urbano
845 2208 917 2287 qui-

240 2284 305 2347 dem
324 2286 409 2345 militi
425 2286 562 2360 confisus,
582 2288 661 2369 quod
679 2288 835 2349 remedium
852 2291 916 2349 uni*-

239 2388 305 2427 cum
333 2368 444 2429 rebatur
463 2416 476 2441 ,
501 2371 618 2429 comitia
641 2372 753 2449 imperii
774 2374 917 2455 transigit.

241 2447 456 2531 Adhibitoque,
483 2470 562 2530 supet
585 2452 727 2523 Vinium,
754 2473 787 2511 ac
817 2454 918 2512 Laco-

243 2551 331 2601 nem,
350 2532 446 2591 Mario
474 2532 585 2601 Celso,
611 2532 723 2591 consule
746 2531 897 2617 designato
908 2582 923 2606 ,

244 2634 277 2671 ac
305 2612 455 2671 Ducennio
486 2614 633 2682 Gemino,
664 2610 794 2693 prafedlo
823 2616 922 2687 urbis,

244 2714 332 2775 pauca
352 2692 480 2775 praefatus
499 2698 531 2755 de
550 2716 601 2755 sua
621 2702 772 2771 senectute,
790 2696 926 2763 Pisonen
