2100 3650
130 389 281 453 sollicitat.
295 386 468 449 Hordeonius
478 389 593 449 Flaccus
603 386 697 463 copias
705 386 737 447 in
756 408 814 449 eum

52 529 54 533 ·
137 498 225 556 mittit
245 520 256 555 :
273 517 328 573 qua
337 495 482 576 fiegantur.
499 494 673 556 Batauorum
688 492 715 555 θ
732 496 815 555 Cani·

131 602 257 679 nefatum
280 600 400 661 cobortes
427 616 555 674 comapta
565 644 576 670 ,
598 598 730 679 legionem
746 589 814 657 'Ro-

135 713 262 779 mam,
273 708 423 766 transitum
432 722 592 785 negantem,
603 708 677 781 apud
686 690 816 765 Bonnam

134 816 247 873 caune.
260 812 363 872 Civilis
374 832 438 869 suos
445 811 475 869 in
482 810 567 872 verba
578 810 747 885 Vespasiani
756 812 814 869 adi·
837 828 854 879 j

133 917 187 997 git.
199 916 340 975 Romanos
351 918 390 973 ad
403 915 504 975 Vetera
514 914 620 974 obsidet
632 938 642 973 .·
655 918 706 975 sed
715 915 761 973 illi
770 914 817 973 ob-

135 1022 272 1081 sidionem
289 1020 407 1097 fortiter
424 1020 562 1089 tolerant,
588 1020 816 1099 oppugnatoribus

135 1126 263 1199 repulsis.
281 1124 396 1184 Interim
412 1124 515 1183 milites
530 1125 635 1199 culpam
648 1144 767 1185 motuum
784 1126 816 1185 in

134 1230 322 1289 Hordeonium
339 1228 468 1288 flaccum
489 1228 655 1306 conftrum':
680 1230 815 1289 Voculam

133 1335 226 1395 ducem
244 1353 382 1408 poscunt,
405 1332 669 1418 &Herennianum
688 1354 764 1412 quem
786 1356 814 1394 re

134 1440 208 1498 male
222 1440 295 1519 gestd
311 1438 464 1499 verberant.
490 1436 626 1497 Gennani
634 1460 688 1512 pro
708 1440 814 1509 Ciuili,

143 1544 231 1603 Ubios
251 1552 363 1604 venant.
385 1542 487 1602 Vetera
504 1560 677 1622 oppugnant,
697 1546 747 1603 sed
764 1544 816 1602 im·

132 1656 263 1724 prospero
276 1669 400 1707 successu
421 1669 507 1726 :ergo
530 1648 631 1709 Ciuilis
647 1647 816 1707 obsidionem

132 1742 286 1805 continuat.
304 1742 478 1802 Hordeonius
489 1764 556 1802 suos
578 1742 753 1817 Vespasiano
766 1743 816 1799 ad.

124 1848 206 1928 jicit.
221 1847 322 1910 Ciuilis
335 1849 455 1905 nwnitus
468 1845 503 1906 ab
513 1846 600 1905 armis
614 1847 732 1905 recedere
738 1889 752 1915 ,
761 1865 816 1906 non

134 1971 241 2029 paret:
260 1973 320 2011 cum
341 1952 446 2012 Vocula
458 1952 579 2031 confligit
591 1953 674 2012 vario
692 1967 789 2012 euentu
802 1993 817 2022 ,

117 2078 119 2080 ·
133 2081 189 2118 non
198 2059 260 2118 sine
272 2059 407 2134 utriusque
416 2057 492 2116 ducis
502 2057 591 2130 culpa.
607 2055 731 2127 Vocula,
734 2076 816 2129 pras·

130 2182 198 2241 pero
211 2164 313 2239 pralio
320 2163 417 2241 flutio,
447 2161 481 2221 V
475 2179 553 2249 atera
565 2162 650 2242 castra
672 2160 814 2220 obsidione

133 2269 242 2330 liberat.
255 2267 376 2340 Romani
384 2268 489 2327 milites
498 2265 688 2326 Hordeonium
698 2283 795 2326 necant
801 2310 816 2340 ,

133 2377 262 2460 evaderue
276 2373 310 2433 V
305 2373 383 2431 oculd
396 2392 514 2434 :mosea
524 2371 611 2432 Civili
621 2370 691 2432 vini
698 2415 709 2442 ‚
726 2371 759 2429 V
754 2389 815 2430 ocu·

133 2479 190 2538 lam
210 2481 296 2536 denuo
312 2494 469 2554 sequuntur.
496 2474 673 2554 Mogontiaci
694 2473 813 2536 obsidio.

141 2583 171 2642 T
167 2603 319 2644 neutrorum
341 2583 438 2640 merita
455 2581 485 2638 in
503 2559 654 2638 Romanos.
674 2577 710 2638 L.
730 2579 815 2659 Piso.¹

132 2687 334 2747 Muciani-vis.
347 2683 510 2743 Domitiani
522 2682 619 2742 libido.
631 2681 757 2744 Antonii
763 2706 815 2757 po·

129 2793 220 2852 tentia
245 2791 375 2870 inftalla.
411 2787 507 2852 Galba
535 2787 650 2848 bonores
683 2791 814 2870 restituti.

345 2901 348 2906 '
625 2891 650 2950 L
670 2913 689 2952 v
