2100 3650
187 318 493 386 Hnrontannn
512 315 598 384 lta.
622 315 673 386 II.
714 339 776 400 131

93 435 225 497 Valente
258 435 381 518 epistola:
417 437 561 496 demerent
588 457 705 498 metum.
741 440 782 504 Et

96 539 178 579 mors
201 516 348 588 Othonis,
369 516 428 600 qui)
443 517 633 592 laudabilior,
652 519 687 581 εὸ
703 521 781 582 velo·

94 601 158 660 ciris
179 601 286 661 audita.

138 682 205 742 LV.
226 681 267 742 At
281 681 383 741 Romae
403 679 477 740 nihii
491 680 692 762 trepidationis.
711 683 778 747 Ce-

93 763 186 824 reales
206 763 265 823 ludi
287 784 321 822 ex
341 783 421 822 more
436 763 643 843 spectabantur.
659 767 702 828 Ut
718 789 779 828 ces-

91 847 170 905 sisse
190 846 254 906 νίεᾶ
278 844 436 915 Othonem,
452 842 480 905 ἃ
495 869 513 903 a
528 846 629 907 Flavio
650 847 756 908 Sabino
766 895 779 922 ,

88 926 221 1005 praefidit
239 925 335 998 urbis,
353 929 425 1004 quod
447 945 506 986 erat
523 930 554 986 in
574 928 637 988 urbe
655 931 776 992 militum

91 1027 268 1068 sacramento
285 1007 400 1069 Vitellii
411 1011 551 1079 edulium,
567 1011 634 1070 terti
648 1014 778 1072 tutiores

63 1165 68 1169 ,
93 1091 128 1148 in
144 1086 285 1151 theatrum
302 1092 470 1160 attulerunt,
490 1090 610 1150 Vitellio
626 1091 751 1172 plausere
768 1115 778 1153 t

92 1172 239 1250 populus,
268 1193 334 1230 cunr
357 1172 436 1230 laum
458 1192 491 1229 ac
510 1173 648 1242 floribus,
676 1173 779 1235 Gaibz

91 1254 239 1332 imagines
255 1254 358 1312 circum
376 1253 482 1331 templa
495 1254 577 1323 tulit,
596 1253 733 1336 congestis
746 1258 778 1318 in

92 1335 218 1394 modum
237 1337 337 1401 tumuli
352 1336 481 1405 coronis,
494 1339 572 1410 juxta
587 1335 680 1394 lacum
695 1336 776 1397 Cur-

92 1418 144 1485 tii,
164 1437 251 1498 quem
268 1417 365 1475 locum
382 1415 479 1476 Galba
500 1417 622 1476 moriens
639 1420 776 1500 sanguine

92 1497 240 1558 infecerat.
261 1498 293 1558 In
309 1518 406 1558 senatu
420 1500 535 1570 cuneta,
547 1498 640 1580 longis
654 1500 776 1562 aliorum

91 1579 299 1660 principatibus
330 1581 520 1659 composita,
554 1577 647 1640 statim
678 1580 775 1641 decet-

91 1681 208 1721 nuntut.
227 1660 339 1720 Additae
355 1684 418 1739 erga
441 1660 619 1720 Gemmttt'cos
639 1665 775 1724 exercitus·

91 1744 209 1813 laudes,
227 1761 367 1822 gratesque
389 1766 400 1801 .·
418 1751 445 1801 8(
462 1745 548 1800 missa
565 1741 692 1825 legati0,
713 1765 777 1827 quae

91 1824 203 1908 gaudio
223 1823 391 1907 fingeretur.
413 1823 546 1883 Recitatae
566 1824 647 1883 Fabii
665 1825 777 1887 Valen-

91 1908 128 1967 tis
141 1904 287 1987 epistola,
302 1906 339 1966 ad
352 1907 479 1965 consules
491 1907 598 1984 scriptae
616 1904 692 1965 haud
712 1910 773 1967 im-

91 1989 243 2048 moderate
264 2012 271 2045 ε
290 1990 396 2070 gratior
415 1979 684 2048 Caecit'tae'modestia
699 1987 774 2063 fuit,

91 2068 173 2152 quid
190 2092 249 2129 non
262 2072 420 2149 scripsisset.

130 2152 216 2212 LVI.
230 2150 363 2213 Cetertim
378 2150 460 2210 italia
473 2146 585 2232 gratiis
596 2169 679 2233 atque
691 2152 776 2213 atte-

91 2233 173 2305 titis,
197 2254 284 2314 quam
308 2233 385 2291 btilo
405 2231 602 2292 adflistabatut
627 2256 634 2289 ς
659 2230 779 2315 dispersi

90 2335 142 2396 pet·
156 2315 313 2394 municipia
330 2323 359 2374 &
371 2314 499 2373 colonias
515 2313 683 2386 Vitelliani,
700 2338 777 2399 spo..
790 2379 794 2386 „
872 2350 873 2353 η

91 2398 183 2469 liare,
206 2416 319 2476 tapete,
345 2398 423 2456 vi&
446 2393 544 2473 stupris
559 2395 690 2475 poliuere
711 2421 718 2454 ε
742 2401 775 2461 in

90 2500 179 2539 omne
211 2476 256 2538 fas
276 2476 413 2559 nefasque
438 2476 535 2546 avidi,
560 2494 608 2535 aut
629 2480 771 2549 venales,

90 2583 150 2621 non
170 2580 275 2629 sacto,
297 2580 357 2618 non
379 2557 500 2637 profano
520 2554 708 2619 abstinebant.
735 2562 777 2623 Et

90 2641 189 2712 fuere,
209 2644 259 2722 qui
273 2642 407 2699 inimicos
425 2657 507 2709 suos,
522 2641 614 2718 specie
633 2640 775 2715 militum,

91 2722 287 2783 interficerent.
320 2722 433 2801 ipsique
467 2720 598 2791 milites,
624 2724 777 2805 regionum
838 2778 840 2783 .

93 2808 195 2889 gnati,
217 2802 335 2863 refertos
355 2822 458 2885 agros,
479 2801 551 2862 dites
570 2801 723 2941 (ὲοιιξιιως,
743 2809 775 2869 in
858 2844 861 2853 .

614 2904 642 2963 Vl
