2100 3650
203 291 516 362 Hrsrorraaunr
554 292 639 360 Lrn.
675 292 729 363 1.·
760 315 782 382 7

113 432 207 498 gentes
229 413 424 472 :nobilitatus
448 412 574 472 cladibus
598 415 703 473 mutuis
722 415 787 475 Da-

110 515 156 554 cus
178 514 280 554 :mota
294 497 380 553 etiarn
398 493 483 574 prope
502 492 671 554 Parthorum
688 516 786 567 arma,

111 574 173 635 falsi
196 576 320 636 Neronis
341 571 473 635 ludibrio.
509 576 574 635 Janr
603 574 670 636 verb
702 576 786 637 Italia

110 659 190 716 novis
212 656 356 726 cladibus,
383 656 430 716 vel
448 654 510 737 post
531 657 648 740 longam
670 660 783 718 seculo-

108 759 170 796 rum
189 741 288 798 seriem
307 739 450 819 repetitis,
467 738 589 798 adflicta.
603 737 716 798 Haustae
736 761 786 800 aut

108 820 213 878 obrutae
257 818 337 878 urbes
378 817 578 879 fecundissima
617 819 786 900 Campaniae

110 898 181 959 orric
202 909 230 960 δι
252 901 317 960 urbs
337 900 473 960 incendiis
494 899 622 970 vastata,
648 922 784 960 consum-

110 983 163 1060 ptis
179 983 382 1063 antiquissimis
405 979 548 1051 delubris,
568 983 630 1062 ipso
657 982 785 1063 Capito-

110 1061 151 1121 lio
173 1064 276 1122 civium
295 1063 426 1122 manibus
442 1064 557 1122 incenso
578 1063 714 1142 :pollutae
734 1079 786 1123 cae-

110 1144 237 1202 rimoniae
255 1168 262 1200 ι
280 1165 385 1226 magna
404 1143 539 1204 adulteria
557 1168 564 1200 ε
581 1145 696 1222 plenum
716 1148 787 1204 exsi-

108 1223 152 1284 liis
163 1245 240 1283 mare
256 1247 262 1282 t
277 1224 374 1285 infesti
388 1225 508 1284 caedibus
520 1224 629 1304 scopuli
643 1248 650 1282 t
665 1225 786 1286 atrocius

107 1306 137 1365 in
156 1307 224 1364 urbe
244 1308 379 1366 sericum.
403 1305 564 1376 Nobilitas,
583 1327 670 1386 opes,
688 1309 787 1367 omissi

112 1385 236 1470 gestique
255 1384 375 1448 honores
395 1407 446 1467 pro
467 1388 603 1457 crimine,
625 1396 652 1447 &
672 1388 712 1447 ob
732 1391 789 1447 vir·

108 1487 181 1527 tutes
211 1470 394 1528 certissimum
433 1469 559 1529 exitium.
596 1468 659 1527 Nec
692 1468 789 1530 ninus

106 1550 222 1630 praemia
247 1549 403 1610 delatorum
418 1551 526 1620 invisa,
545 1548 632 1631 qu‘arn
652 1550 753 1610 scelera
776 1573 787 1608 t

108 1651 196 1712 quum
230 1631 280 1692 alii
310 1630 466 1692 sacerdotia
494 1639 521 1690 δι
551 1629 730 1704 consulatus,
755 1649 788 1690 ur

107 1713 220 1792 spolia,
246 1712 360 1793 adepti,
382 1714 591 1794 procurationes
615 1713 712 1772 alii&
735 1713 786 1771 in-

108 1795 240 1854 teriorem
252 1796 425 1875 potentiam,
440 1813 555 1878 agerent
562 1793 665 1855 ferrent
675 1796 788 1855 euntia.

110 1874 192 1934 Odio
228 1885 256 1936 bc
293 1894 395 1935 terrore
434 1877 555 1955 corrupti
590 1877 620 1934 in
654 1875 788 1934 dominos

109 1958 203 2025 servi,
223 1959 253 2017 in
272 1976 403 2037 patronos
418 1958 511 2015 liberti
529 1978 536 2013 ε
554 1965 581 2017 &
602 1955 704 2037 quibus
722 1955 789 2015 dee-

109 2056 151 2098 rat
171 2040 324 2110 inimicus,
347 2058 395 2118 per
412 2040 520 2097 amicos
540 2040 673 2118 oppressi.

148 2120 205 2179 III.
233 2120 304 2179 Non
326 2139 421 2179 tamen
445 2116 517 2179 adei>
542 2120 676 2178 virtutum
698 2116 789 2179 sterile

108 2202 252 2271 seculum,
272 2220 377 2261 utnon
394 2210 421 2261 δι
439 2200 516 2261 bona
537 2201 665 2279 exempla
685 2199 786 2279 prodi-

109 2282 189 2341 derit.
214 2282 369 2343 Comitatae
388 2281 523 2363 profugos
541 2282 643 2339 liberos
660 2300 761 2339 matres
776 2304 791 2338 ε·

110 2382 212 2423 secutae
230 2366 347 2421 maritos
367 2365 397 2422 in
418 2360 513 2422 exsilia
532 2366 665 2445 conjuges
685 2385 692 2418 ε
715 2381 786 2441 pro-

108 2445 213 2525 pinqui
229 2442 361 2503 audentes
378 2466 389 2517 Ιι
408 2442 562 2503 constantes
581 2443 699 2525 generi:
721 2463 789 2501 con-

108 2544 233 2595 tumax,
257 2528 343 2584 etiarn
364 2524 495 2585 adversus
515 2542 671 2593 tormenta,
692 2544 788 2583 servo-

106 2627 171 2665 rum
204 2603 273 2665 fides
302 2628 310 2663 ι
336 2626 467 2686 supremae
496 2606 634 2665 clarorum
661 2606 788 2664 virorum

106 2689 288 2748 necessitates
310 2711 317 2744 z
339 2689 398 2766 ipsa
416 2688 564 2746 necessitas
581 2685 690 2745 fortiter
708 2687 785 2746 tole·

107 2788 170 2827 rata
201 2778 260 2829 r&
289 2768 408 2829 laudatis
435 2770 616 2850 antiquorum
651 2767 791 2827 mortibus

629 2848 701 2909 Ait
