2100 3650
256 339 324 404 ¹30
391 314 428 384 C.
457 316 605 386 Curru.
639 319 842 386 TAcwt

252 435 455 498 Moderatione
477 437 629 494 meliorum
655 435 797 518 dirempti.
823 437 866 498 Et
890 457 941 498 re-

253 519 330 578 diere
354 539 455 576 omnes
473 517 658 589 Bononiam,
683 539 774 578 rursus
794 523 941 580 consitias

254 603 309 660 turi
320 623 327 656 :
340 600 440 670 simul,
453 599 551 658 medio
567 602 701 696 temporis
712 602 824 694 ,plures
839 605 944 663 nuncii

254 682 443 761 sperabantur.
462 681 618 751 Bononia,
644 683 739 741 druisrs
764 703 813 763 per
837 685 943 746 itinera

254 764 306 844 qui
320 764 543 822 recentissimum
559 783 701 844 quemque
715 769 941 844 percundtaren-

254 865 319 914 tur,
336 846 523 928 interrogatus
542 841 669 904 Othonis
690 846 805 906 libertus
825 870 946 908 causam

254 928 409 1004 digressus,
427 926 524 985 habere
538 949 568 985 se
586 949 712 1000 suprema
728 930 786 1008 ejus
803 935 945 990 mandata

255 1008 418 1086 respondit:
431 1010 520 1082 ipsum
530 1009 671 1068 eluentem
680 1012 787 1086 quidem
796 1011 943 1083 reddum,

254 1093 306 1148 sed
318 1092 380 1148 sold
398 1091 565 1171 posteritatis
583 1092 666 1160 curti,
687 1088 714 1149 θ
732 1091 859 1166 abruptis
872 1095 943 1154 vito

254 1172 459 1231 blandimentis.
489 1170 568 1229 Hinc
599 1170 770 1244 admiratio,
803 1181 833 1233 &
857 1175 940 1255 plura

255 1253 449 1336 interrogandi
465 1251 567 1332 pudor.
583 1253 682 1335 Atque
697 1256 832 1314 omnium
846 1258 941 1316 animi

256 1337 288 1394 in
306 1336 456 1394 Vitellium
473 1335 650 1395 inclinavere.

297 1417 394 1476 LlV.
421 1417 556 1476 Intererat
581 1417 705 1477 consiliis
734 1417 820 1478 stater
844 1423 938 1498 ejus,

255 1497 291 1557 L.
313 1500 463 1568 Vitellius,
480 1519 564 1579 seque
582 1503 642 1576 jam
664 1499 845 1560 adulantibus
864 1498 942 1560 offe-

255 1580 357 1650 rebat3
388 1601 477 1662 quum
506 1599 620 1660 tepente
654 1580 785 1650 Cornus,
820 1583 941 1645 libertus

256 1660 401 1732 Neronis,
416 1665 505 1721 atroci
527 1661 678 1722 mendacio
703 1665 848 1724 universos
876 1685 942 1744 pet-

256 1744 347 1814 tulit,
367 1741 518 1803 adfirmans
539 1763 703 1818 superventu
727 1748 944 1822 quanaedecimoe

257 1828 392 1905 legiomir,
398 1829 505 1908 junllt's
521 1848 540 1883 α
558 1827 686 1885 Brixello
701 1828 807 1888 viribus
817 1875 830 1899 ,
852 1852 940 1889 coesos

257 1910 398 1979 viliores,
415 1931 526 1969 uersam
534 1911 656 1982 patrium
670 1910 825 1987 fhrtununt.
840 1909 939 1972 Causa

257 1988 386 2072 fingendi
399 1990 469 2061 fuit,
488 2009 520 2049 ur
536 1988 694 2069 diplomata
708 1988 860 2061 Othonis,
875 2014 942 2073 qua

215 2097 217 2099 ·
258 2072 495 2153 negligebantur,
520 2072 625 2131 laetiore
649 2075 754 2131 nuncio
775 2074 939 2133 revalesce-

257 2172 328 2211 rent.
350 2153 389 2212 Et
410 2153 518 2213 Coenus
537 2153 654 2233 quidem
672 2153 768 2234 rapide
789 2157 819 2214 in
836 2155 940 2217 urbem'

258 2236 375 2304 vedius,
396 2256 500 2314 paucos
528 2234 591 2314 post
616 2234 697 2305 dies,
720 2240 796 2314 jussu
820 2235 939 2297 Vitellii

258 2335 357 2395 poenas
370 2317 430 2376 luit.
449 2318 617 2377 Senatorum
633 2318 787 2396 periculum
801 2320 939 2389 austum,

259 2398 434 2457 credentibus
468 2396 647 2457 Othonianis
676 2398 839 2469 militibus,
869 2418 940 2459 vera·

161 2545 167 2549 .
258 2500 316 2540 esse
340 2502 402 2562 quae
423 2476 619 2540 afferebantur.
642 2480 811 2540 intendebat
832 2479 940 2540 formi-
1033 2510 1034 2559 j

259 2561 377 2630 dinem,
397 2560 476 2642 qubd
492 2561 598 2643 publici
613 2564 726 2622 consilii·
743 2561 815 2622 facie
834 2562 939 2623 disces-
1033 2566 1034 2575 ’

259 2665 323 2702 sum
352 2642 489 2714 Mutini,
522 2643 688 2725 desertaeque
712 2663 803 2725 partes
831 2642 936 2705 forent.

259 2723 322 2785 Nec
346 2722 417 2784 ultrb
445 2728 475 2784 in
509 2746 660 2799 commune
686 2727 848 2808 congressi,
881 2727 938 2785 sibi

259 2808 376 2893 quisque
394 2807 556 2871 consuluere
573 2831 582 2868 t
599 2808 691 2869 donec
706 2811 827 2871 missaa
843 2806 938 2869 Fabio
